2516 4204
339 317 607 368 onnmornon.
624 319 901 372 autuonnuous.
1075 327 1131 386 leo

117 479 171 540 pus
181 461 273 519 ullum
287 460 404 535 dIgnum
417 460 479 530 linit,
493 454 571 517 e'ertd
583 462 645 518 base
658 462 689 520 in
703 462 752 518 itlt
761 463 849 519 eausb
864 481 974 520 summa
982 465 1081 524 omnia

118 541 243 598 fuerunt.
283 536 432 594 Insidiator
446 548 507 594 erat
521 538 550 594 in
565 537 625 594 loro
638 539 800 609 collocatus,
819 549 901 613 atque
915 539 945 597 in
959 542 1081 600 vestibu-

118 617 148 674 lo
163 616 224 691 ipso
237 613 369 672 senatuis:
390 614 418 670 ei
434 615 493 671 viro
505 624 599 670 autem
613 633 689 671 mors
702 616 861 689 parabatur,
881 615 963 692 eujus
976 619 1006 674 iu
1021 619 1079 676 virt

119 694 260 750 nitebatur
280 693 355 749 salus
369 691 509 760 eivitatis;
530 709 564 748 eo
576 688 661 765 porrd
683 691 845 765 reipublicae
864 703 998 768 tempore,
1012 713 1078 768 qno,

118 770 143 826 si
163 788 238 826 unus
258 769 305 826 ille
325 768 486 839 occidisset,
509 787 566 825 non
591 769 654 824 brea
671 765 765 825 solum
784 769 892 841 eisitan,
910 771 960 826 sed
981 783 1080 846 gentes
1095 779 1115 832 5

117 865 217 904 omnes
238 846 439 903 concidissent.
479 844 545 901 Nisi
564 842 645 915 sorte,
666 846 732 917 quia
745 845 870 919 perlecta
889 865 935 903 res
948 865 1005 904 nou
1026 859 1080 919 est,

119 941 179 980 nou
192 923 246 978 luit
265 923 428 996 punienda;
448 922 564 996 perinde
584 921 665 996 quasi
679 922 771 978 exitus
792 941 896 993 rerum,
911 941 971 980 non
991 925 1079 982 bomi-

120 1007 192 1055 num
211 999 337 1068 oonsilio,
357 998 466 1073 legibus
486 999 673 1054 vindieeutur.
715 996 815 1056 Minus
837 999 991 1057 dolendum
1015 1001 1077 1074 litit,

120 1094 152 1132 re
166 1094 224 1132 non
237 1076 382 1149 perfeeti;
402 1076 453 1132 sed
468 1076 644 1149 puniendum
658 1072 736 1163 perte
751 1075 841 1132 nihilo
854 1074 957 1133 minus.
980 1077 1078 1164 .Q¹.¹⁰'

117 1151 1078 1304 litttlsjt‘egldlttnnl„illttlttitt“tltr'ssltlff
1094 1163 1129 1215 ¹⁰

116 1323 158 1361 ee
179 1305 292 1362 sonum
305 1305 452 1375 servisset,
476 1304 539 1377 quis
552 1304 668 1360 tandem
686 1303 722 1358 de
736 1303 850 1360 interitu
873 1323 937 1362 meo
949 1306 1078 1379 questio-

116 1399 183 1438 nem
196 1382 330 1438 tulissetl
1190 1385 1194 1392 '

156 1457 241 1514 VIII.
276 1458 335 1514 Sed
361 1459 438 1515 stulti
462 1477 568 1529 sumus,
591 1458 639 1533 qui
667 1457 803 1528 Dmsum,
823 1461 873 1534 qui
896 1462 1076 1532 Africanum,

117 1533 297 1608 Pompeium,
311 1545 421 1592 nosmet
431 1536 514 1608 ipsos,
528 1553 593 1592 eum
608 1536 639 1592 P.
655 1535 760 1592 Clodio
768 1537 897 1594 osnserre
911 1539 1074 1594 audeamus.
1093 1547 1127 1599 lo

117 1611 293 1669 Tolerabilis
306 1612 417 1668 fuerunt
430 1612 495 1668 illa:
509 1611 540 1668 Ρ.
554 1612 648 1669 Clodii
662 1623 782 1670 monem
796 1631 876 1687 equo
885 1615 980 1672 animo
993 1632 1078 1672 neruo

115 1687 190 1744 ferre
215 1699 316 1762 potest.
357 1688 450 1764 Luget
476 1700 609 1746 sensnm:
631 1700 731 1746 rotaret
753 1702 882 1764 equester
908 1693 995 1749 ordo:
1019 1701 1078 1749 tots

116 1765 218 1820 einim
231 1766 363 1823 oouieeta
383 1767 465 1824 senio
477 1779 539 1824 est:
561 1767 690 1842 squalent
710 1767 884 1842 municipia:
906 1767 1077 1825 afflictantur

116 1841 254 1897 soloniae:
274 1843 334 1916 egri
354 1844 476 1916 denique
497 1845 549 1918 ipsi
570 1855 629 1900 tam
647 1845 817 1915 beneficum,
838 1855 895 1900 tarn
917 1845 1077 1914 salutarem,

14 1975 17 1982 ,
116 1926 176 1973 tam
201 1930 390 1988 mansuetum,
411 1921 501 1977 olvem
522 1921 690 1979 desiderant.
730 1921 799 1980 Non
822 1921 874 1978 luit
896 1939 931 1978 ea
950 1917 1076 1996 proseetd
1091 1929 1128 1983 Μ

115 2011 212 2083 eausa,
229 1995 353 2070 judiees,
375 2016 433 2055 uon
448 1998 509 2070 nir,
530 2017 582 2056 eur
595 1999 651 2056 sibi
671 2010 801 2058 censeret
821 1997 973 2088 Pompeius
989 2015 1078 2074 qums·

114 2080 220 2130 tionem
235 2072 398 2131 ferendam:
413 2076 463 2132 sed
478 2077 562 2135 homo
574 2077 698 2154 sapiens,
712 2088 742 2135 et
754 2077 811 2134 urt
827 2074 870 2154 [et
882 2075 993 2165 divini]
1008 2075 1077 2166 qui·

116 2148 181 2204 dam
205 2163 301 2206 mente
324 2154 466 2220 praeditus.
488 2155 578 2214 multa
591 2155 679 2214 vidit:
704 2155 792 2213 fuisse
815 2155 870 2213 sibi
885 2153 962 2212 illum
984 2173 1077 2211 ιιιιιιιι-

115 2240 193 2293 eum,
207 2223 375 2280 familiarem
389 2222 537 2280 Milouem.
579 2222 616 2280 Iu
630 2231 775 2282 communi
788 2232 915 2284 omniurn
929 2225 1037 2299 letitia,
1051 2230 1075 2286 si

115 2299 202 2355 etiarn
217 2300 277 2373 ipse
296 2300 440 2373 gauderet,
454 2301 558 2371 timuit,
578 2319 615 2357 ne
636 2301 776 2361 videretur
796 2304 932 2362 infirmior
945 2304 1017 2362 fides
1034 2323 1077 2364 re·
1091 2317 1128 2372 25

115 2376 275 2433 ooneilintae
289 2377 394 2451 grstiae.
430 2375 523 2434 Multa
535 2379 621 2436 etiam
632 2378 687 2436 alia
699 2381 777 2451 vidit,
790 2382 840 2440 sed
852 2382 921 2440 illud
935 2380 1076 2441 maxime:

111 2455 241 2528 quamvis
251 2455 382 2511 atrociter
396 2454 456 2530 ipse
467 2455 587 2526 tulisset,
601 2475 652 2514 vos
664 2469 759 2516 umen
771 2459 877 2518 sortiter
888 2461 1074 2536 judicaturos.
1178 2527 1183 2532 ,
1227 2477 1231 2484 ’

112 2529 214 2602 Itaque
234 2532 370 2604 delegite
390 2531 595 2590 florentissimis
614 2535 763 2594 ordinibus
783 2538 843 2611 ipse
862 2539 977 2596 lumina.
1018 2539 1076 2596 Ne·
1226 2557 1230 2564 ·

112 2625 171 2680 que
198 2603 265 2662 verb
287 2606 374 2678 (quod
402 2609 532 2664 nonnulli
553 2611 695 2687 dietitaut)
723 2616 852 2684 secrevit,
873 2616 904 2672 in
928 2615 1076 2689 judicibus

112 2683 256 2759 legendis,
271 2682 379 2738 amieos
392 2701 488 2739 meos:
508 2703 599 2758 neque
617 2688 693 2743 enirn
708 2690 760 2748 boe
773 2692 908 2765 eogitsvit
928 2691 970 2746 vir
980 2693 1075 2764 justis·
1089 2691 1126 2745 ³⁰

112 2761 223 2827 simun
245 2777 350 2832 neque,
364 2759 393 2814 in
408 2759 489 2816 bonis
509 2761 574 2818 viris
593 2762 730 2838 legendis,
744 2768 773 2824 id
795 2767 906 2842 assequi
926 2768 1074 2841 potuisset,

16 2835 20 2840 ’
104 2837 226 2894 etiamsi
241 2835 373 2911 cupisset
407 2836 473 2894 Nou
488 2839 565 2896 enim
579 2859 643 2898 mea
655 2845 746 2917 gratio
760 2845 994 2904 familiaritatibus
1007 2863 1076 2903 eon·

110 2915 228 2986 tinetur,
241 2931 305 2988 quar
320 2911 376 2970 tare
390 2925 486 2988 patere
500 2935 557 2974 non
567 2931 692 2992 possunt,
707 2933 854 2995 propterea
866 2920 942 2996 qudd
956 2941 1076 2982 munue-

108 2993 223 3050 tudines
244 2990 338 3047 vietus
350 3011 408 3048 uon
428 3005 544 3066 possunt
559 3015 622 3052 esse
641 3015 707 3053 eum
727 2999 833 3054 multis.
874 3000 943 3068 Sed,
964 3002 1074 3074 siquid

109 3087 268 3144 possumus,
287 3088 324 3125 ex
347 3087 383 3124 eo
402 3088 560 3143 possumus,
578 3070 654 3145 quod
672 3074 835 3148 respublica
855 3093 906 3130 nos
927 3076 1074 3148 conjunxit
1088 3079 1125 3134 ab

109 3165 175 3203 eum
189 3147 290 3204 bonis:
311 3165 347 3203 ex
361 3147 463 3220 quibus
476 3148 523 3204 ille
545 3146 612 3206 erim
626 3151 748 3225 optimos
766 3150 839 3208 viros
852 3150 969 3226 legeret,
990 3151 1074 3223 idque

108 3221 233 3278 maxImb
258 3225 294 3280 ad
315 3224 401 3280 fidem
425 3243 506 3282 suam
527 3227 670 3300 pertinere
693 3227 883 3299 arbitraretur,
907 3247 965 3285 uon
984 3228 1075 3303 potuit

110 3297 208 3371 legere
221 3317 279 3355 uon
292 3302 432 3360 studiosos
446 3304 513 3360 mei.

151 3371 244 3435 Qubd
262 3374 327 3432 verb
340 3388 379 3448 te,
392 3379 426 3434 L.
441 3379 559 3451 Douiti,
574 3382 641 3438 huie
654 3379 803 3454 ιιιιιιιῐίοιιί
816 3399 936 3455 preesse
949 3380 1073 3442 maxims

109 3453 209 3522 voluit,
233 3452 303 3508 nihil
326 3456 452 3527 quesivit
473 3459 561 3528 aliud,
583 3458 638 3514 nisi
656 3457 806 3530 justitiam,
827 3458 1001 3532 gravitetem‚
1023 3461 1074 3518 hu·
1089 3465 1125 3518 to

107 3530 288 3598 manitatem,
315 3530 409 3589 fidem.
450 3533 542 3605 Tulit,
570 3545 602 3590 ut
628 3533 806 3589 consulerem
833 3553 951 3594 neeesse
978 3549 1071 3594 esset:

108 3608 204 3677 eredo,
220 3603 298 3680 quud
307 3609 467 3684 principum
482 3630 586 3667 munus
596 3629 659 3666 esse
674 3609 806 3681 ducebat,
819 3613 951 3672 resistere
966 3624 995 3670 et
1007 3613 1074 3668 levi·

107 3685 157 3742 tati
173 3683 376 3756 multitudinis,
390 3699 419 3744 et
431 3689 606 3762 perditorum
619 3687 779 3746 temeritati.
820 3690 865 3747 Ex
878 3688 1073 3747 consularibus

107 3772 135 3818 te
149 3763 257 3820 creavit
282 3762 480 3836 potissimum:
508 3765 630 3818 dederas
651 3763 738 3833 enim,
765 3764 850 3837 qudru
874 3769 1073 3833 eontemn?rea

106 3840 257 3916 populares
270 3839 409 3911 insaniae,
421 3840 482 3914 jem
496 3839 532 3894 ab
546 3837 737 3898 adolesoentit
758 3841 927 3896 documenta
940 3837 1072 3884 maxima·
1088 3831 1124 3882 4⁵
