<?xml version="1.0" encoding="UTF-8"?>
<!DOCTYPE html PUBLIC "-//W3C//DTD XHTML 1.0 Transitional//EN"
    "http://www.w3.org/TR/xhtml1/DTD/xhtml1-transitional.dtd">
<html xmlns="http://www.w3.org/1999/xhtml" xml:lang="en" lang="en">
 <head>
  <title>
</title>
<meta http-equiv="Content-Type" content="text/html;charset=utf-8" />
  <meta name='ocr-system' content='tesseract 3.04.00' />
  <meta name='ocr-capabilities' content='ocr_page ocr_carea ocr_par ocr_line ocrx_word'/>
</head>
<body>
  <div class='ocr_page' id='page_1' title='image "./orationesqudams00cicegoog/orationesqudams00cicegoog_0070.png"; bbox 0 0 2542 4212; ppageno 0'>
   <div class='ocr_carea' id='block_1_1' title="bbox 128 270 908 398">
    <p class='ocr_par' dir='ltr' id='par_1_1' title="bbox 128 270 908 398">
     <span class='ocr_line' id='line_1_1' title="bbox 128 270 908 398; baseline -0.001 -34"><span class='ocrx_word' id='word_1_1' title='bbox 128 317 182 398; x_wconf 34' lang='grc' dir='ltr'>ωι</span> <span class='ocrx_word' id='word_1_2' title='bbox 410 301 544 364; x_wconf 74' lang='lat' dir='ltr'>canno</span> <span class='ocrx_word' id='word_1_3' title='bbox 561 270 908 365; x_wconf 73' lang='lat' dir='ltr'>raonn&#39;rnacsnac,</span> 
     </span>
    </p>
   </div>
   <div class='ocr_carea' id='block_1_2' title="bbox 74 449 1224 3590">
    <p class='ocr_par' dir='ltr' id='par_1_2' title="bbox 74 449 1224 3590">
     <span class='ocr_line' id='line_1_2' title="bbox 179 449 1134 532; baseline -0.01 -16"><span class='ocrx_word' id='word_1_4' title='bbox 179 473 228 516; x_wconf 84' lang='lat' dir='ltr'>um</span> <span class='ocrx_word' id='word_1_5' title='bbox 246 453 350 532; x_wconf 69' lang='lat' dir='ltr'>vigint</span> <span class='ocrx_word' id='word_1_6' title='bbox 361 473 484 514; x_wconf 70' lang='lat' dir='ltr'>sacuurn</span> <span class='ocrx_word' id='word_1_7' title='bbox 507 455 537 514; x_wconf 91' lang='lat' dir='ltr'>in</span> <span class='ocrx_word' id='word_1_8' title='bbox 557 455 634 514; x_wconf 89' lang='lat' dir='ltr'>Urbe</span> <span class='ocrx_word' id='word_1_9' title='bbox 647 474 705 514; x_wconf 90' lang='lat' dir='ltr'>non</span> <span class='ocrx_word' id='word_1_10' title='bbox 725 455 861 513; x_wconf 58' lang='lat' dir='ltr'>ridimosa</span> <span class='ocrx_word' id='word_1_11' title='bbox 895 454 979 516; x_wconf 77' lang='lat' dir='ltr'>Quos</span> <span class='ocrx_word' id='word_1_12' title='bbox 991 449 1134 509; x_wconf 74' lang='lat' dir='ltr'>amisimus</span> 
     </span>
     <span class='ocr_line' id='line_1_3' title="bbox 113 528 1133 610; baseline -0.008 -20"><span class='ocrx_word' id='word_1_13' title='bbox 113 588 118 596; x_wconf 84' lang='grc'><strong>,</strong></span> <span class='ocrx_word' id='word_1_14' title='bbox 179 533 265 604; x_wconf 85' lang='lat' dir='ltr'>cives,</span> <span class='ocrx_word' id='word_1_15' title='bbox 277 551 329 602; x_wconf 81' lang='lat' dir='ltr'>eos</span> <span class='ocrx_word' id='word_1_16' title='bbox 350 531 451 591; x_wconf 84' lang='lat' dir='ltr'>Martis</span> <span class='ocrx_word' id='word_1_17' title='bbox 465 534 507 590; x_wconf 84' lang='lat' dir='ltr'>vis</span> <span class='ocrx_word' id='word_1_18' title='bbox 520 535 650 610; x_wconf 88' lang='lat' dir='ltr'>perculit,</span> <span class='ocrx_word' id='word_1_19' title='bbox 671 551 729 591; x_wconf 90' lang='lat' dir='ltr'>non</span> <span class='ocrx_word' id='word_1_20' title='bbox 743 533 786 590; x_wconf 89' lang='lat' dir='ltr'>ira</span> <span class='ocrx_word' id='word_1_21' title='bbox 799 532 940 600; x_wconf 78' lang='lat' dir='ltr'>victoriae3</span> <span class='ocrx_word' id='word_1_22' title='bbox 961 541 994 605; x_wconf 84' lang='lat' dir='ltr'>ut</span> <span class='ocrx_word' id='word_1_23' title='bbox 1009 528 1133 585; x_wconf 81' lang='lat' dir='ltr'>dubitare</span> 
     </span>
     <span class='ocr_line' id='line_1_4' title="bbox 178 602 1135 698; baseline -0.006 -33"><span class='ocrx_word' id='word_1_24' title='bbox 178 609 279 666; x_wconf 88' lang='lat' dir='ltr'>debeat</span> <span class='ocrx_word' id='word_1_25' title='bbox 289 627 382 682; x_wconf 87' lang='lat' dir='ltr'>nemo,</span> <span class='ocrx_word' id='word_1_26' title='bbox 396 611 465 684; x_wconf 89' lang='lat' dir='ltr'>quin</span> <span class='ocrx_word' id='word_1_27' title='bbox 475 611 590 680; x_wconf 87' lang='lat' dir='ltr'>multos,</span> <span class='ocrx_word' id='word_1_28' title='bbox 605 611 628 666; x_wconf 92' lang='lat' dir='ltr'>si</span> <span class='ocrx_word' id='word_1_29' title='bbox 642 611 702 666; x_wconf 90' lang='lat' dir='ltr'>fieri</span> <span class='ocrx_word' id='word_1_30' title='bbox 713 621 817 698; x_wconf 90' lang='lat' dir='ltr'>posset,</span> <span class='ocrx_word' id='word_1_31' title='bbox 830 610 864 666; x_wconf 85' lang='lat' dir='ltr'>C.</span> <span class='ocrx_word' id='word_1_32' title='bbox 879 608 977 665; x_wconf 75' lang='lat' dir='ltr'>Caesar</span> <span class='ocrx_word' id='word_1_33' title='bbox 991 607 1028 662; x_wconf 88' lang='lat' dir='ltr'>ab</span> <span class='ocrx_word' id='word_1_34' title='bbox 1041 602 1135 662; x_wconf 81' lang='lat' dir='ltr'>inseris</span> 
     </span>
     <span class='ocr_line' id='line_1_5' title="bbox 177 682 1134 760; baseline -0.008 -18"><span class='ocrx_word' id='word_1_35' title='bbox 177 688 331 756; x_wconf 82' lang='lat' dir='ltr'>excitaret;</span> <span class='ocrx_word' id='word_1_36' title='bbox 352 689 484 760; x_wconf 88' lang='lat' dir='ltr'>quoniam</span> <span class='ocrx_word' id='word_1_37' title='bbox 505 707 541 744; x_wconf 87' lang='lat' dir='ltr'>ex</span> <span class='ocrx_word' id='word_1_38' title='bbox 560 687 661 744; x_wconf 70' lang='lat' dir='ltr'>eadem</span> <span class='ocrx_word' id='word_1_39' title='bbox 683 705 745 744; x_wconf 88' lang='lat' dir='ltr'>acre</span> <span class='ocrx_word' id='word_1_40' title='bbox 765 696 921 756; x_wconf 82' lang='lat' dir='ltr'>conservat,</span> <span class='ocrx_word' id='word_1_41' title='bbox 945 703 1019 759; x_wconf 89' lang='lat' dir='ltr'>quos</span> <span class='ocrx_word' id='word_1_42' title='bbox 1038 682 1134 758; x_wconf 79' lang='lat' dir='ltr'>potest.</span> 
     </span>
     <span class='ocr_line' id='line_1_6' title="bbox 143 756 1136 839; baseline -0.008 -19"><span class='ocrx_word' id='word_1_43' title='bbox 143 763 304 821; x_wconf 81' lang='lat' dir='ltr'>5Alterius</span> <span class='ocrx_word' id='word_1_44' title='bbox 325 762 391 820; x_wconf 80' lang='lat' dir='ltr'>verb</span> <span class='ocrx_word' id='word_1_45' title='bbox 409 759 505 839; x_wconf 80' lang='lat' dir='ltr'>partis,</span> <span class='ocrx_word' id='word_1_46' title='bbox 527 763 597 820; x_wconf 84' lang='lat' dir='ltr'>nihil</span> <span class='ocrx_word' id='word_1_47' title='bbox 619 763 739 838; x_wconf 88' lang='lat' dir='ltr'>amplius</span> <span class='ocrx_word' id='word_1_48' title='bbox 759 763 863 834; x_wconf 90' lang='lat' dir='ltr'>dicam,</span> <span class='ocrx_word' id='word_1_49' title='bbox 884 759 970 836; x_wconf 68' lang='lat' dir='ltr'>quim</span> <span class='ocrx_word' id='word_1_50' title='bbox 993 759 1047 836; x_wconf 90' lang='lat' dir='ltr'>(id,</span> <span class='ocrx_word' id='word_1_51' title='bbox 1065 756 1136 832; x_wconf 90' lang='lat' dir='ltr'>quod</span> 
     </span>
     <span class='ocr_line' id='line_1_7' title="bbox 176 836 1134 916; baseline -0.008 -20"><span class='ocrx_word' id='word_1_52' title='bbox 176 859 275 896; x_wconf 87' lang='lat' dir='ltr'>ornnes</span> <span class='ocrx_word' id='word_1_53' title='bbox 286 841 462 916; x_wconf 83' lang='lat' dir='ltr'>verebamur)</span> <span class='ocrx_word' id='word_1_54' title='bbox 477 841 563 896; x_wconf 88' lang='lat' dir='ltr'>nimis</span> <span class='ocrx_word' id='word_1_55' title='bbox 570 841 740 895; x_wconf 79' lang='lat' dir='ltr'>iracundam</span> <span class='ocrx_word' id='word_1_56' title='bbox 750 840 871 896; x_wconf 71' lang='lat' dir='ltr'>fulturam</span> <span class='ocrx_word' id='word_1_57' title='bbox 882 837 969 894; x_wconf 83' lang='lat' dir='ltr'>fuis&#39;se</span> <span class='ocrx_word' id='word_1_58' title='bbox 984 836 1134 894; x_wconf 83' lang='lat' dir='ltr'>victoriam.</span> 
     </span>
     <span class='ocr_line' id='line_1_8' title="bbox 175 910 1137 990; baseline -0.006 -18"><span class='ocrx_word' id='word_1_59' title='bbox 175 912 304 974; x_wconf 76' lang='lat' dir='ltr'>Quidam</span> <span class='ocrx_word' id='word_1_60' title='bbox 324 917 411 986; x_wconf 89' lang='lat' dir='ltr'>enim,</span> <span class='ocrx_word' id='word_1_61' title='bbox 431 933 489 971; x_wconf 93' lang='lat' dir='ltr'>non</span> <span class='ocrx_word' id='word_1_62' title='bbox 510 913 592 970; x_wconf 82' lang='lat' dir='ltr'>modd</span> <span class='ocrx_word' id='word_1_63' title='bbox 607 915 730 984; x_wconf 88' lang='lat' dir='ltr'>armatis,</span> <span class='ocrx_word' id='word_1_64' title='bbox 751 916 800 970; x_wconf 87' lang='lat' dir='ltr'>sed</span> <span class='ocrx_word' id='word_1_65' title='bbox 820 915 960 990; x_wconf 81' lang='lat' dir='ltr'>interdum</span> <span class='ocrx_word' id='word_1_66' title='bbox 984 910 1137 990; x_wconf 17' lang='lat' dir='ltr'>‘etiam‘oti-</span> 
     </span>
     <span class='ocr_line' id='line_1_9' title="bbox 174 987 1136 1070; baseline -0.003 -24"><span class='ocrx_word' id='word_1_67' title='bbox 174 987 446 1070; x_wconf 69' lang='lat' dir='ltr'>psis,&#39;mii1abantur:</span> <span class='ocrx_word' id='word_1_68' title='bbox 459 1009 525 1061; x_wconf 88' lang='lat' dir='ltr'>nec,</span> <span class='ocrx_word' id='word_1_69' title='bbox 539 991 607 1066; x_wconf 91' lang='lat' dir='ltr'>quid</span> <span class='ocrx_word' id='word_1_70' title='bbox 620 991 737 1064; x_wconf 86' lang='lat' dir='ltr'>quisque</span> <span class='ocrx_word' id='word_1_71' title='bbox 748 991 891 1061; x_wconf 74' lang='lat' dir='ltr'>sensisset,</span> <span class='ocrx_word' id='word_1_72' title='bbox 903 991 951 1046; x_wconf 86' lang='lat' dir='ltr'>sed</span> <span class='ocrx_word' id='word_1_73' title='bbox 963 992 1015 1047; x_wconf 93' lang='lat' dir='ltr'>ubi</span> <span class='ocrx_word' id='word_1_74' title='bbox 1031 991 1136 1057; x_wconf 78' lang='lat' dir='ltr'>suisset,</span> 
     </span>
     <span class='ocr_line' id='line_1_10' title="bbox 174 1065 1135 1141; baseline -0.002 -19"><span class='ocrx_word' id='word_1_75' title='bbox 174 1069 355 1141; x_wconf 82' lang='lat' dir='ltr'>cogitandum</span> <span class='ocrx_word' id='word_1_76' title='bbox 379 1087 440 1124; x_wconf 88' lang='lat' dir='ltr'>esse</span> <span class='ocrx_word' id='word_1_77' title='bbox 460 1065 609 1135; x_wconf 81' lang='lat' dir='ltr'>dicebaut3</span> <span class='ocrx_word' id='word_1_78' title='bbox 634 1077 666 1122; x_wconf 92' lang='lat' dir='ltr'>ut</span> <span class='ocrx_word' id='word_1_79' title='bbox 686 1067 756 1123; x_wconf 87' lang='lat' dir='ltr'>mihi</span> <span class='ocrx_word' id='word_1_80' title='bbox 776 1067 890 1140; x_wconf 89' lang='lat' dir='ltr'>quidem</span> <span class='ocrx_word' id='word_1_81' title='bbox 913 1068 1065 1124; x_wconf 86' lang='lat' dir='ltr'>videantur</span> <span class='ocrx_word' id='word_1_82' title='bbox 1089 1065 1135 1121; x_wconf 89' lang='lat' dir='ltr'>Dii</span> 
     </span>
     <span class='ocr_line' id='line_1_11' title="bbox 126 1142 1137 1220; baseline 0.002 -26"><span class='ocrx_word' id='word_1_83' title='bbox 126 1142 473 1220; x_wconf 87' lang='lat' dir='ltr'>10·immortales,(etiarn</span> <span class='ocrx_word' id='word_1_84' title='bbox 494 1143 519 1200; x_wconf 95' lang='lat' dir='ltr'>si</span> <span class='ocrx_word' id='word_1_85' title='bbox 539 1163 637 1218; x_wconf 85' lang='lat' dir='ltr'>poenas</span> <span class='ocrx_word' id='word_1_86' title='bbox 659 1161 676 1198; x_wconf 87' lang='lat' dir='ltr'>a</span> <span class='ocrx_word' id='word_1_87' title='bbox 694 1143 798 1218; x_wconf 89' lang='lat' dir='ltr'>populo</span> <span class='ocrx_word' id='word_1_88' title='bbox 814 1143 946 1200; x_wconf 83' lang='lat' dir='ltr'>Romano</span> <span class='ocrx_word' id='word_1_89' title='bbox 966 1147 1016 1202; x_wconf 92' lang='lat' dir='ltr'>ob.</span> <span class='ocrx_word' id='word_1_90' title='bbox 1027 1142 1137 1218; x_wconf 86' lang='lat' dir='ltr'>aliquod</span> 
     </span>
     <span class='ocr_line' id='line_1_12' title="bbox 169 1219 1138 1296; baseline 0 -22"><span class='ocrx_word' id='word_1_91' title='bbox 169 1219 308 1296; x_wconf 78' lang='lat' dir='ltr'>delictum</span> <span class='ocrx_word' id='word_1_92' title='bbox 322 1221 524 1294; x_wconf 88' lang='lat' dir='ltr'>expetiverunt,</span> <span class='ocrx_word' id='word_1_93' title='bbox 544 1222 592 1294; x_wconf 89' lang='lat' dir='ltr'>qui</span> <span class='ocrx_word' id='word_1_94' title='bbox 607 1219 688 1276; x_wconf 88' lang='lat' dir='ltr'>civile</span> <span class='ocrx_word' id='word_1_95' title='bbox 710 1219 813 1276; x_wconf 86' lang='lat' dir='ltr'>bellurn</span> <span class='ocrx_word' id='word_1_96' title='bbox 827 1231 937 1278; x_wconf 86' lang='lat' dir='ltr'>tanturn</span> <span class='ocrx_word' id='word_1_97' title='bbox 956 1233 1060 1282; x_wconf 89' lang='lat' dir='ltr'>ettam</span> <span class='ocrx_word' id='word_1_98' title='bbox 1080 1221 1138 1276; x_wconf 88' lang='lat' dir='ltr'>luc·</span> 
     </span>
     <span class='ocr_line' id='line_1_13' title="bbox 109 1291 1138 1373; baseline 0.003 -24"><span class='ocrx_word' id='word_1_99' title='bbox 109 1341 110 1344; x_wconf 63' lang='lat'>,</span> <span class='ocrx_word' id='word_1_100' title='bbox 173 1304 285 1351; x_wconf 88' lang='lat' dir='ltr'>tuosum</span> <span class='ocrx_word' id='word_1_101' title='bbox 304 1295 499 1372; x_wconf 81' lang='lat' dir='ltr'>excitaverint)</span> <span class='ocrx_word' id='word_1_102' title='bbox 522 1297 565 1352; x_wconf 81' lang='lat' dir='ltr'>vel</span> <span class='ocrx_word' id='word_1_103' title='bbox 585 1295 687 1371; x_wconf 83' lang='lat' dir='ltr'>pla&#39;cati</span> <span class='ocrx_word' id='word_1_104' title='bbox 706 1295 775 1370; x_wconf 79' lang='lat' dir='ltr'>jain,</span> <span class='ocrx_word' id='word_1_105' title='bbox 792 1293 839 1353; x_wconf 78' lang='lat' dir='ltr'>&#39;vel</span> <span class='ocrx_word' id='word_1_106' title='bbox 861 1299 954 1355; x_wconf 85' lang='lat' dir='ltr'>satiati</span> <span class='ocrx_word' id='word_1_107' title='bbox 974 1291 1138 1373; x_wconf 81' lang='lat' dir='ltr'>aliquando,</span> 
     </span>
     <span class='ocr_line' id='line_1_14' title="bbox 83 1373 1138 1451; baseline 0.008 -29"><span class='ocrx_word' id='word_1_108' title='bbox 83 1413 87 1422; x_wconf 92' lang='lat'>.</span> <span class='ocrx_word' id='word_1_109' title='bbox 172 1389 285 1439; x_wconf 83' lang='lat' dir='ltr'>omnem</span> <span class='ocrx_word' id='word_1_110' title='bbox 308 1391 387 1447; x_wconf 88' lang='lat' dir='ltr'>spem</span> <span class='ocrx_word' id='word_1_111' title='bbox 407 1373 504 1445; x_wconf 84' lang='lat' dir='ltr'>salutis</span> <span class='ocrx_word' id='word_1_112' title='bbox 526 1375 560 1430; x_wconf 83' lang='lat' dir='ltr'>ad</span> <span class='ocrx_word' id='word_1_113' title='bbox 581 1374 762 1430; x_wconf 88' lang='lat' dir='ltr'>clementiam</span> <span class='ocrx_word' id='word_1_114' title='bbox 782 1373 897 1430; x_wconf 89' lang='lat' dir='ltr'>victoris</span> <span class='ocrx_word' id='word_1_115' title='bbox 917 1377 947 1432; x_wconf 84' lang='lat' dir='ltr'>et</span> <span class='ocrx_word' id='word_1_116' title='bbox 965 1376 1138 1451; x_wconf 84' lang='lat' dir='ltr'>sapientiem</span> 
     </span>
     <span class='ocr_line' id='line_1_15' title="bbox 174 1451 1133 1508; baseline -0.004 0"><span class='ocrx_word' id='word_1_117' title='bbox 174 1451 333 1508; x_wconf 79' lang='lat' dir='ltr'><strong>contulisse.</strong></span> <span class='ocrx_word' id='word_1_118' title='bbox 528 1465 530 1470; x_wconf 86' lang='lat'>·</span> <span class='ocrx_word' id='word_1_119' title='bbox 812 1457 815 1463; x_wconf 71' lang='lat'>‘</span> <span class='ocrx_word' id='word_1_120' title='bbox 1127 1481 1133 1504; x_wconf 88' lang='lat'>-.</span> 
     </span>
     <span class='ocr_line' id='line_1_16' title="bbox 125 1525 1140 1604; baseline 0.003 -24"><span class='ocrx_word' id='word_1_121' title='bbox 125 1527 159 1580; x_wconf 84' lang='lat'>15</span> <span class='ocrx_word' id='word_1_122' title='bbox 212 1529 312 1590; x_wconf 83' lang='lat' dir='ltr'><strong>Quare</strong></span> <span class='ocrx_word' id='word_1_123' title='bbox 325 1529 418 1604; x_wconf 87' lang='lat' dir='ltr'>gaude</span> <span class='ocrx_word' id='word_1_124' title='bbox 433 1539 482 1596; x_wconf 87' lang='lat' dir='ltr'>tuo</span> <span class='ocrx_word' id='word_1_125' title='bbox 495 1529 550 1586; x_wconf 91' lang='lat' dir='ltr'>isto</span> <span class='ocrx_word' id='word_1_126' title='bbox 567 1539 625 1585; x_wconf 87' lang='lat' dir='ltr'>tam</span> <span class='ocrx_word' id='word_1_127' title='bbox 638 1527 789 1586; x_wconf 79' lang='lat' dir='ltr'>excellenti</span> <span class='ocrx_word' id='word_1_128' title='bbox 802 1527 891 1596; x_wconf 91' lang='lat' dir='ltr'>bono;</span> <span class='ocrx_word' id='word_1_129' title='bbox 906 1539 935 1585; x_wconf 89' lang='lat' dir='ltr'>et</span> <span class='ocrx_word' id='word_1_130' title='bbox 949 1529 1055 1600; x_wconf 75' lang='lat' dir='ltr'>fruere,</span> <span class='ocrx_word' id='word_1_131' title='bbox 1071 1525 1140 1585; x_wconf 82' lang='lat' dir='ltr'>cirin</span> 
     </span>
     <span class='ocr_line' id='line_1_17' title="bbox 174 1591 1142 1682; baseline 0.001 -21"><span class='ocrx_word' id='word_1_132' title='bbox 174 1605 285 1663; x_wconf 71' lang='lat' dir='ltr'>fortunia</span> <span class='ocrx_word' id='word_1_133' title='bbox 298 1618 327 1664; x_wconf 89' lang='lat' dir='ltr'>et</span> <span class='ocrx_word' id='word_1_134' title='bbox 340 1607 440 1682; x_wconf 71' lang='lat' dir='ltr'>gloriis,</span> <span class='ocrx_word' id='word_1_135' title='bbox 454 1618 515 1662; x_wconf 84' lang='lat' dir='ltr'>turn</span> <span class='ocrx_word' id='word_1_136' title='bbox 536 1605 622 1662; x_wconf 89' lang='lat' dir='ltr'>etiarn</span> <span class='ocrx_word' id='word_1_137' title='bbox 635 1591 737 1662; x_wconf 72' lang='lat' dir='ltr'>naturi</span> <span class='ocrx_word' id='word_1_138' title='bbox 750 1605 781 1662; x_wconf 80' lang='lat' dir='ltr'>ei</span> <span class='ocrx_word' id='word_1_139' title='bbox 792 1605 917 1662; x_wconf 90' lang='lat' dir='ltr'>moribus</span> <span class='ocrx_word' id='word_1_140' title='bbox 931 1605 1007 1674; x_wconf 83' lang='lat' dir='ltr'>tuis3</span> <span class='ocrx_word' id='word_1_141' title='bbox 1026 1621 1069 1662; x_wconf 83' lang='lat' dir='ltr'>&#39;ex</span> <span class='ocrx_word' id='word_1_142' title='bbox 1082 1623 1142 1680; x_wconf 90' lang='lat' dir='ltr'>quo</span> 
     </span>
     <span class='ocr_line' id='line_1_18' title="bbox 147 1681 1143 1756; baseline 0.002 -20"><span class='ocrx_word' id='word_1_143' title='bbox 147 1707 151 1715; x_wconf 93' lang='lat'><em>·</em></span> <span class='ocrx_word' id='word_1_144' title='bbox 173 1683 287 1755; x_wconf 88' lang='lat' dir='ltr'>quidem</span> <span class='ocrx_word' id='word_1_145' title='bbox 302 1684 442 1740; x_wconf 88' lang='lat' dir='ltr'>maximus</span> <span class='ocrx_word' id='word_1_146' title='bbox 453 1697 496 1740; x_wconf 86' lang='lat' dir='ltr'>est</span> <span class='ocrx_word' id='word_1_147' title='bbox 507 1681 614 1738; x_wconf 81' lang='lat' dir='ltr'>fructus</span> <span class='ocrx_word' id='word_1_148' title='bbox 625 1681 844 1756; x_wconf 86' lang='lat' dir='ltr'>jucunditasque</span> <span class='ocrx_word' id='word_1_149' title='bbox 858 1681 985 1756; x_wconf 83' lang='lat' dir='ltr'>sapienti.</span> <span class='ocrx_word' id='word_1_150' title='bbox 1022 1681 1143 1738; x_wconf 78' lang='lat' dir='ltr'>Cretera</span> 
     </span>
     <span class='ocr_line' id='line_1_19' title="bbox 173 1753 1142 1834; baseline -0.002 -18"><span class='ocrx_word' id='word_1_151' title='bbox 173 1753 240 1816; x_wconf 76' lang='lat' dir='ltr'>cbrn</span> <span class='ocrx_word' id='word_1_152' title='bbox 254 1769 303 1815; x_wconf 85' lang='lat' dir='ltr'>tua</span> <span class='ocrx_word' id='word_1_153' title='bbox 316 1760 512 1830; x_wconf 86' lang='lat' dir='ltr'>recordabere,</span> <span class='ocrx_word' id='word_1_154' title='bbox 532 1759 586 1816; x_wconf 88' lang='lat' dir='ltr'>etsi</span> <span class='ocrx_word' id='word_1_155' title='bbox 599 1777 689 1834; x_wconf 86' lang='lat' dir='ltr'>persae</span> <span class='ocrx_word' id='word_1_156' title='bbox 710 1758 843 1828; x_wconf 56' lang='lat' dir='ltr'>e‘virtuti,</span> <span class='ocrx_word' id='word_1_157' title='bbox 857 1769 953 1815; x_wconf 87' lang='lat' dir='ltr'>tamen</span> <span class='ocrx_word' id='word_1_158' title='bbox 967 1757 1142 1832; x_wconf 87' lang='lat' dir='ltr'>plerumque</span> 
     </span>
     <span class='ocr_line' id='line_1_20' title="bbox 174 1833 1142 1916; baseline -0.001 -25"><span class='ocrx_word' id='word_1_159' title='bbox 174 1834 311 1908; x_wconf 80' lang='lat' dir='ltr'>felicitati,</span> <span class='ocrx_word' id='word_1_160' title='bbox 325 1847 381 1894; x_wconf 75' lang='lat' dir='ltr'>tua</span> <span class='ocrx_word' id='word_1_161' title='bbox 402 1837 642 1912; x_wconf 86' lang='lat' dir='ltr'>congratulabere.</span> <span class='ocrx_word' id='word_1_162' title='bbox 743 1835 836 1907; x_wconf 91' lang='lat' dir='ltr'>nobis,</span> <span class='ocrx_word' id='word_1_163' title='bbox 856 1843 928 1910; x_wconf 80' lang='lat' dir='ltr'>quos</span> <span class='ocrx_word' id='word_1_164' title='bbox 940 1833 971 1890; x_wconf 89' lang='lat' dir='ltr'>in</span> <span class='ocrx_word' id='word_1_165' title='bbox 985 1834 1142 1916; x_wconf 65' lang='lat' dir='ltr'>republica</span> 
     </span>
     <span class='ocr_line' id='line_1_21' title="bbox 123 1909 1160 1986; baseline 0.004 -22"><span class='ocrx_word' id='word_1_166' title='bbox 123 1909 159 1964; x_wconf 73' lang='lat'>20</span> <span class='ocrx_word' id='word_1_167' title='bbox 173 1921 269 1976; x_wconf 86' lang='lat' dir='ltr'>tecum</span> <span class='ocrx_word' id='word_1_168' title='bbox 290 1915 373 1971; x_wconf 88' lang='lat' dir='ltr'>simul</span> <span class='ocrx_word' id='word_1_169' title='bbox 388 1915 477 1971; x_wconf 89' lang='lat' dir='ltr'>salvos</span> <span class='ocrx_word' id='word_1_170' title='bbox 498 1933 559 1970; x_wconf 89' lang='lat' dir='ltr'>esse</span> <span class='ocrx_word' id='word_1_171' title='bbox 576 1913 698 1983; x_wconf 86' lang='lat' dir='ltr'>voluisti,</span> <span class='ocrx_word' id='word_1_172' title='bbox 712 1914 821 1986; x_wconf 89' lang='lat' dir='ltr'>quoties</span> <span class='ocrx_word' id='word_1_173' title='bbox 833 1912 982 1986; x_wconf 70' lang='lat' dir='ltr'>cogitabis,</span> <span class='ocrx_word' id='word_1_174' title='bbox 1002 1910 1090 1968; x_wconf 84' lang='lat' dir='ltr'>toties</span> <span class='ocrx_word' id='word_1_175' title='bbox 1105 1911 1143 1968; x_wconf 88' lang='lat' dir='ltr'>dc</span> <span class='ocrx_word' id='word_1_176' title='bbox 1158 1911 1160 1916; x_wconf 81' lang='lat'>&#39;</span> 
     </span>
     <span class='ocr_line' id='line_1_22' title="bbox 173 1988 1143 2059; baseline 0 -15"><span class='ocrx_word' id='word_1_177' title='bbox 173 1991 303 2044; x_wconf 89' lang='lat' dir='ltr'>maximis</span> <span class='ocrx_word' id='word_1_178' title='bbox 313 1992 369 2045; x_wconf 91' lang='lat' dir='ltr'>tuis</span> <span class='ocrx_word' id='word_1_179' title='bbox 380 1988 536 2058; x_wconf 86' lang='lat' dir='ltr'>beneficiis,</span> <span class='ocrx_word' id='word_1_180' title='bbox 550 1991 632 2043; x_wconf 86' lang='lat' dir='ltr'>toties</span> <span class='ocrx_word' id='word_1_181' title='bbox 642 1990 678 2044; x_wconf 91' lang='lat' dir='ltr'>de</span> <span class='ocrx_word' id='word_1_182' title='bbox 691 1989 851 2044; x_wconf 86' lang='lat' dir='ltr'>incredibili</span> <span class='ocrx_word' id='word_1_183' title='bbox 861 1988 1042 2059; x_wconf 70' lang='lat' dir='ltr'>liberalitate,</span> <span class='ocrx_word' id='word_1_184' title='bbox 1054 1989 1143 2046; x_wconf 83' lang='lat' dir='ltr'>toties</span> 
     </span>
     <span class='ocr_line' id='line_1_23' title="bbox 173 2061 1143 2138; baseline 0.002 -18"><span class='ocrx_word' id='word_1_185' title='bbox 173 2065 209 2120; x_wconf 88' lang='lat' dir='ltr'>de</span> <span class='ocrx_word' id='word_1_186' title='bbox 224 2064 359 2138; x_wconf 80' lang='lat' dir='ltr'>singulari</span> <span class='ocrx_word' id='word_1_187' title='bbox 373 2063 512 2138; x_wconf 72' lang='lat' dir='ltr'>sapientiis</span> <span class='ocrx_word' id='word_1_188' title='bbox 525 2063 585 2133; x_wconf 72' lang='lat' dir='ltr'>tufi,</span> <span class='ocrx_word' id='word_1_189' title='bbox 599 2061 755 2136; x_wconf 81' lang='lat' dir='ltr'>cogitabis:</span> <span class='ocrx_word' id='word_1_190' title='bbox 776 2081 839 2137; x_wconf 76' lang='lat' dir='ltr'>quaa</span> <span class='ocrx_word' id='word_1_191' title='bbox 852 2081 910 2120; x_wconf 91' lang='lat' dir='ltr'>non</span> <span class='ocrx_word' id='word_1_192' title='bbox 924 2061 1008 2120; x_wconf 79' lang='lat' dir='ltr'>niodb</span> <span class='ocrx_word' id='word_1_193' title='bbox 1023 2077 1143 2123; x_wconf 87' lang='lat' dir='ltr'>surnr&#39;na</span> 
     </span>
     <span class='ocr_line' id='line_1_24' title="bbox 174 2133 1193 2210; baseline 0.004 -15"><span class='ocrx_word' id='word_1_194' title='bbox 174 2140 257 2210; x_wconf 90' lang='lat' dir='ltr'>bona,</span> <span class='ocrx_word' id='word_1_195' title='bbox 285 2141 335 2196; x_wconf 86' lang='lat' dir='ltr'>sed</span> <span class='ocrx_word' id='word_1_196' title='bbox 359 2139 493 2196; x_wconf 89' lang='lat' dir='ltr'>nimirum</span> <span class='ocrx_word' id='word_1_197' title='bbox 519 2139 628 2195; x_wconf 81' lang='lat' dir='ltr'>audebo</span> <span class='ocrx_word' id='word_1_198' title='bbox 652 2137 695 2195; x_wconf 76' lang='lat' dir='ltr'>vel</span> <span class='ocrx_word' id='word_1_199' title='bbox 719 2139 779 2196; x_wconf 82' lang='lat' dir='ltr'>sola</span> <span class='ocrx_word' id='word_1_200' title='bbox 795 2133 908 2196; x_wconf 74' lang='lat' dir='ltr'>&#39;dicere</span> <span class='ocrx_word' id='word_1_201' title='bbox 951 2141 1068 2198; x_wconf 76' lang='lat' dir='ltr'>Tantus</span> <span class='ocrx_word' id='word_1_202' title='bbox 1098 2153 1144 2199; x_wconf 88' lang='lat' dir='ltr'>est</span> <span class='ocrx_word' id='word_1_203' title='bbox 1189 2147 1193 2154; x_wconf 68' lang='lat'><strong>⁴</strong></span> 
     </span>
     <span class='ocr_line' id='line_1_25' title="bbox 134 2215 1224 2292; baseline -0.006 -16"><span class='ocrx_word' id='word_1_204' title='bbox 134 2269 140 2276; x_wconf 94' lang='lat'><em>.</em></span> <span class='ocrx_word' id='word_1_205' title='bbox 174 2217 251 2272; x_wconf 86' lang='lat' dir='ltr'>enirn</span> <span class='ocrx_word' id='word_1_206' title='bbox 265 2217 397 2292; x_wconf 82' lang='lat' dir='ltr'>splendor</span> <span class='ocrx_word' id='word_1_207' title='bbox 412 2218 446 2274; x_wconf 76' lang='lat' dir='ltr'>iu</span> <span class='ocrx_word' id='word_1_208' title='bbox 462 2217 546 2292; x_wconf 85' lang='lat' dir='ltr'>laude</span> <span class='ocrx_word' id='word_1_209' title='bbox 559 2215 636 2287; x_wconf 72' lang='lat' dir='ltr'>verb,</span> <span class='ocrx_word' id='word_1_210' title='bbox 650 2215 773 2274; x_wconf 82' lang='lat' dir='ltr'>tantuin</span> <span class='ocrx_word' id='word_1_211' title='bbox 792 2217 989 2292; x_wconf 87' lang='lat' dir='ltr'>magnitudine</span> <span class='ocrx_word' id='word_1_212' title='bbox 1003 2219 1097 2276; x_wconf 88' lang='lat' dir='ltr'>animi</span> <span class='ocrx_word' id='word_1_213' title='bbox 1113 2229 1144 2275; x_wconf 90' lang='lat' dir='ltr'>et</span> <span class='ocrx_word' id='word_1_214' title='bbox 1218 2257 1224 2270; x_wconf 86' lang='lat'><strong>.</strong></span> 
     </span>
     <span class='ocr_line' id='line_1_26' title="bbox 74 2289 1145 2368; baseline 0.007 -23"><span class='ocrx_word' id='word_1_215' title='bbox 74 2335 76 2338; x_wconf 92' lang='lat'>.</span> <span class='ocrx_word' id='word_1_216' title='bbox 123 2289 284 2350; x_wconf 68' lang='lat' dir='ltr'>assonsilii</span> <span class='ocrx_word' id='word_1_217' title='bbox 303 2295 436 2368; x_wconf 84' lang='lat' dir='ltr'>dignitas,</span> <span class='ocrx_word' id='word_1_218' title='bbox 457 2305 489 2350; x_wconf 90' lang='lat' dir='ltr'>ut</span> <span class='ocrx_word' id='word_1_219' title='bbox 502 2295 595 2351; x_wconf 79' lang='lat' dir='ltr'>hosca</span> <span class='ocrx_word' id='word_1_220' title='bbox 615 2294 718 2351; x_wconf 86' lang='lat' dir='ltr'>virtute</span> <span class='ocrx_word' id='word_1_221' title='bbox 732 2293 847 2366; x_wconf 87' lang='lat' dir='ltr'>donata,</span> <span class='ocrx_word' id='word_1_222' title='bbox 870 2307 1003 2352; x_wconf 81' lang='lat' dir='ltr'>caeteraa</span> <span class='ocrx_word' id='word_1_223' title='bbox 1023 2296 1145 2353; x_wconf 70' lang='lat' dir='ltr'>fortuna</span> 
     </span>
     <span class='ocr_line' id='line_1_27' title="bbox 173 2369 1146 2444; baseline 0.006 -20"><span class='ocrx_word' id='word_1_224' title='bbox 173 2369 349 2425; x_wconf 85' lang='lat' dir='ltr'>commodata</span> <span class='ocrx_word' id='word_1_225' title='bbox 367 2389 429 2426; x_wconf 88' lang='lat' dir='ltr'>esse</span> <span class='ocrx_word' id='word_1_226' title='bbox 442 2372 598 2426; x_wconf 88' lang='lat' dir='ltr'>videantur.</span> <span class='ocrx_word' id='word_1_227' title='bbox 614 2379 619 2388; x_wconf 93' lang='lat'>&#39;</span> <span class='ocrx_word' id='word_1_228' title='bbox 639 2369 808 2443; x_wconf 76' lang='lat' dir='ltr'>Noli-igitur</span> <span class='ocrx_word' id='word_1_229' title='bbox 829 2373 859 2426; x_wconf 91' lang='lat' dir='ltr'>in</span> <span class='ocrx_word' id='word_1_230' title='bbox 873 2372 1077 2444; x_wconf 76' lang='lat' dir='ltr'>conservandis</span> <span class='ocrx_word' id='word_1_231' title='bbox 1094 2374 1146 2430; x_wconf 93' lang='lat' dir='ltr'>bo·</span> 
     </span>
     <span class='ocr_line' id='line_1_28' title="bbox 163 2441 1145 2520; baseline 0.003 -18"><span class='ocrx_word' id='word_1_232' title='bbox 163 2445 218 2502; x_wconf 80' lang='lat' dir='ltr'>&#39;nis</span> <span class='ocrx_word' id='word_1_233' title='bbox 239 2445 305 2502; x_wconf 90' lang='lat' dir='ltr'>viris</span> <span class='ocrx_word' id='word_1_234' title='bbox 325 2445 482 2520; x_wconf 85' lang='lat' dir='ltr'>defatigari,</span> <span class='ocrx_word' id='word_1_235' title='bbox 503 2464 560 2501; x_wconf 92' lang='lat' dir='ltr'>non</span> <span class='ocrx_word' id='word_1_236' title='bbox 581 2445 735 2518; x_wconf 88' lang='lat' dir='ltr'>cupiditate</span> <span class='ocrx_word' id='word_1_237' title='bbox 755 2447 910 2520; x_wconf 78' lang='lat' dir='ltr'>praesertim</span> <span class='ocrx_word' id='word_1_238' title='bbox 929 2457 978 2502; x_wconf 83' lang='lat' dir='ltr'>aut</span> <span class='ocrx_word' id='word_1_239' title='bbox 997 2441 1145 2519; x_wconf 85' lang='lat' dir='ltr'>pra&#39;vitate</span> 
     </span>
     <span class='ocr_line' id='line_1_29' title="bbox 173 2519 1145 2599; baseline 0.005 -21"><span class='ocrx_word' id='word_1_240' title='bbox 173 2522 267 2597; x_wconf 69' lang='lat' dir='ltr'>aliqud</span> <span class='ocrx_word' id='word_1_241' title='bbox 287 2523 381 2599; x_wconf 86' lang='lat' dir='ltr'>lapsis,</span> <span class='ocrx_word' id='word_1_242' title='bbox 401 2524 451 2579; x_wconf 90' lang='lat' dir='ltr'>sed</span> <span class='ocrx_word' id='word_1_243' title='bbox 464 2522 599 2598; x_wconf 89' lang='lat' dir='ltr'>opinione</span> <span class='ocrx_word' id='word_1_244' title='bbox 619 2519 715 2592; x_wconf 89' lang='lat' dir='ltr'>officii,</span> <span class='ocrx_word' id='word_1_245' title='bbox 730 2521 814 2578; x_wconf 67' lang='lat' dir='ltr'>stulti</span> <span class='ocrx_word' id='word_1_246' title='bbox 835 2519 962 2591; x_wconf 86' lang='lat' dir='ltr'>sortasse,</span> <span class='ocrx_word' id='word_1_247' title='bbox 983 2519 1062 2578; x_wconf 70' lang='lat' dir='ltr'>certe</span> <span class='ocrx_word' id='word_1_248' title='bbox 1078 2543 1145 2582; x_wconf 77' lang='lat' dir='ltr'>mn</span> 
     </span>
     <span class='ocr_line' id='line_1_30' title="bbox 174 2597 1145 2676; baseline 0.003 -20"><span class='ocrx_word' id='word_1_249' title='bbox 174 2599 310 2674; x_wconf 74' lang='lat' dir='ltr'>improbe,</span> <span class='ocrx_word' id='word_1_250' title='bbox 331 2612 360 2658; x_wconf 90' lang='lat' dir='ltr'>et</span> <span class='ocrx_word' id='word_1_251' title='bbox 373 2599 468 2676; x_wconf 87' lang='lat' dir='ltr'>s&#39;pecie</span> <span class='ocrx_word' id='word_1_252' title='bbox 488 2599 611 2676; x_wconf 74' lang='lat' dir='ltr'>quidam</span> <span class='ocrx_word' id='word_1_253' title='bbox 623 2599 796 2674; x_wconf 75' lang='lat' dir='ltr'>reipublice.</span> <span class='ocrx_word' id='word_1_254' title='bbox 837 2597 904 2656; x_wconf 90' lang='lat' dir='ltr'>Non</span> <span class='ocrx_word' id='word_1_255' title='bbox 919 2600 996 2656; x_wconf 80' lang='lat' dir='ltr'>enirn</span> <span class='ocrx_word' id='word_1_256' title='bbox 1016 2609 1068 2676; x_wconf 80' lang='lat' dir='ltr'>tua</span> <span class='ocrx_word' id='word_1_257' title='bbox 1079 2601 1145 2658; x_wconf 88' lang='lat' dir='ltr'>ulla</span> 
     </span>
     <span class='ocr_line' id='line_1_31' title="bbox 76 2674 1144 2754; baseline 0.002 -20"><span class='ocrx_word' id='word_1_258' title='bbox 76 2707 81 2716; x_wconf 91' lang='lat'><em>·</em></span> <span class='ocrx_word' id='word_1_259' title='bbox 124 2675 160 2729; x_wconf 82' lang='lat'>30</span> <span class='ocrx_word' id='word_1_260' title='bbox 174 2677 258 2753; x_wconf 90' lang='lat' dir='ltr'>culpa</span> <span class='ocrx_word' id='word_1_261' title='bbox 278 2690 330 2751; x_wconf 86' lang='lat' dir='ltr'>est,</span> <span class='ocrx_word' id='word_1_262' title='bbox 350 2679 374 2735; x_wconf 86' lang='lat' dir='ltr'>si</span> <span class='ocrx_word' id='word_1_263' title='bbox 394 2689 423 2736; x_wconf 90' lang='lat' dir='ltr'>te</span> <span class='ocrx_word' id='word_1_264' title='bbox 444 2678 728 2754; x_wconf 83' lang='lat' dir='ltr'>aliqui-timuerunt:·</span> <span class='ocrx_word' id='word_1_265' title='bbox 746 2674 910 2752; x_wconf 70' lang='lat' dir='ltr'>contraque,</span> <span class='ocrx_word' id='word_1_266' title='bbox 931 2695 1043 2734; x_wconf 89' lang='lat' dir='ltr'>summa</span> <span class='ocrx_word' id='word_1_267' title='bbox 1062 2677 1144 2751; x_wconf 85' lang='lat' dir='ltr'>laus,</span> 
     </span>
     <span class='ocr_line' id='line_1_32' title="bbox 174 2753 1166 2830; baseline 0 -20"><span class='ocrx_word' id='word_1_268' title='bbox 174 2753 249 2829; x_wconf 77' lang='lat' dir='ltr'>qubd</span> <span class='ocrx_word' id='word_1_269' title='bbox 264 2757 391 2830; x_wconf 90' lang='lat' dir='ltr'>plerique</span> <span class='ocrx_word' id='word_1_270' title='bbox 405 2753 523 2816; x_wconf 74' lang='lat' dir='ltr'>minime</span> <span class='ocrx_word' id='word_1_271' title='bbox 538 2756 697 2811; x_wconf 89' lang='lat' dir='ltr'>timendum</span> <span class='ocrx_word' id='word_1_272' title='bbox 713 2754 800 2810; x_wconf 83' lang='lat' dir='ltr'>luisse</span> <span class='ocrx_word' id='word_1_273' title='bbox 814 2766 972 2811; x_wconf 90' lang='lat' dir='ltr'>senserunt.</span> <span class='ocrx_word' id='word_1_274' title='bbox 1157 2807 1166 2824; x_wconf 81' lang='grc'><strong>,</strong></span> 
     </span>
     <span class='ocr_line' id='line_1_33' title="bbox 215 2829 1144 2904; baseline 0.002 -17"><span class='ocrx_word' id='word_1_275' title='bbox 215 2831 283 2887; x_wconf 81' lang='lat' dir='ltr'>vll.-</span> <span class='ocrx_word' id='word_1_276' title='bbox 317 2829 347 2886; x_wconf 95' lang='lat' dir='ltr'>N</span> <span class='ocrx_word' id='word_1_277' title='bbox 349 2849 406 2885; x_wconf 88' lang='lat' dir='ltr'>unc</span> <span class='ocrx_word' id='word_1_278' title='bbox 419 2829 485 2885; x_wconf 78' lang='lat' dir='ltr'>verb</span> <span class='ocrx_word' id='word_1_279' title='bbox 501 2832 584 2885; x_wconf 82' lang='lat' dir='ltr'>renio</span> <span class='ocrx_word' id='word_1_280' title='bbox 598 2831 632 2884; x_wconf 87' lang='lat' dir='ltr'>ad</span> <span class='ocrx_word' id='word_1_281' title='bbox 647 2829 840 2904; x_wconf 78' lang='lat' dir='ltr'>gravissimam</span> <span class='ocrx_word' id='word_1_282' title='bbox 854 2831 1008 2902; x_wconf 88' lang='lat' dir='ltr'>querelam,</span> <span class='ocrx_word' id='word_1_283' title='bbox 1020 2841 1051 2887; x_wconf 88' lang='lat' dir='ltr'>et</span> <span class='ocrx_word' id='word_1_284' title='bbox 1064 2841 1144 2890; x_wconf 86' lang='lat' dir='ltr'>atro-</span> 
     </span>
     <span class='ocr_line' id='line_1_34' title="bbox 174 2903 1143 2981; baseline 0.002 -18"><span class='ocrx_word' id='word_1_285' title='bbox 174 2907 316 2964; x_wconf 87' lang='lat' dir='ltr'>cissimam</span> <span class='ocrx_word' id='word_1_286' title='bbox 330 2905 520 2977; x_wconf 89' lang='lat' dir='ltr'>suspicionem</span> <span class='ocrx_word' id='word_1_287' title='bbox 533 2914 628 2970; x_wconf 80' lang='lat' dir='ltr'>tuam3</span> <span class='ocrx_word' id='word_1_288' title='bbox 642 2921 705 2976; x_wconf 83' lang='lat' dir='ltr'>quae</span> <span class='ocrx_word' id='word_1_289' title='bbox 719 2921 778 2959; x_wconf 91' lang='lat' dir='ltr'>non</span> <span class='ocrx_word' id='word_1_290' title='bbox 788 2903 840 2958; x_wconf 94' lang='lat' dir='ltr'>tibi</span> <span class='ocrx_word' id='word_1_291' title='bbox 855 2905 909 2978; x_wconf 90' lang='lat' dir='ltr'>ipsi</span> <span class='ocrx_word' id='word_1_292' title='bbox 922 2907 1023 2980; x_wconf 88' lang='lat' dir='ltr'>magis,</span> <span class='ocrx_word' id='word_1_293' title='bbox 1034 2905 1143 2981; x_wconf 71' lang='lat' dir='ltr'>quam,</span> 
     </span>
     <span class='ocr_line' id='line_1_35' title="bbox 174 2975 1142 3054; baseline 0.003 -15"><span class='ocrx_word' id='word_1_294' title='bbox 174 2980 242 3039; x_wconf 77' lang='lat' dir='ltr'>ciam</span> <span class='ocrx_word' id='word_1_295' title='bbox 254 2979 385 3038; x_wconf 90' lang='lat' dir='ltr'>omnibus</span> <span class='ocrx_word' id='word_1_296' title='bbox 398 2980 518 3048; x_wconf 89' lang='lat' dir='ltr'>civibus,</span> <span class='ocrx_word' id='word_1_297' title='bbox 531 2989 592 3034; x_wconf 85' lang='lat' dir='ltr'>turn</span> <span class='ocrx_word' id='word_1_298' title='bbox 602 2975 724 3034; x_wconf 74' lang='lat' dir='ltr'>maxime</span> <span class='ocrx_word' id='word_1_299' title='bbox 740 2979 831 3050; x_wconf 91' lang='lat' dir='ltr'>nobis,</span> <span class='ocrx_word' id='word_1_300' title='bbox 845 2981 893 3054; x_wconf 93' lang='lat' dir='ltr'>qui</span> <span class='ocrx_word' id='word_1_301' title='bbox 904 3000 922 3037; x_wconf 86' lang='lat' dir='ltr'>a</span> <span class='ocrx_word' id='word_1_302' title='bbox 934 2992 963 3038; x_wconf 89' lang='lat' dir='ltr'>te</span> <span class='ocrx_word' id='word_1_303' title='bbox 977 2988 1142 3042; x_wconf 83' lang='lat' dir='ltr'>conservati</span> 
     </span>
     <span class='ocr_line' id='line_1_36' title="bbox 125 3054 1144 3132; baseline 0.003 -19"><span class='ocrx_word' id='word_1_304' title='bbox 125 3059 160 3113; x_wconf 78' lang='lat'>35</span> <span class='ocrx_word' id='word_1_305' title='bbox 174 3077 281 3130; x_wconf 87' lang='lat' dir='ltr'>snmus,</span> <span class='ocrx_word' id='word_1_306' title='bbox 302 3056 473 3132; x_wconf 86' lang='lat' dir='ltr'>providenda</span> <span class='ocrx_word' id='word_1_307' title='bbox 493 3065 555 3112; x_wconf 90' lang='lat' dir='ltr'>est:</span> <span class='ocrx_word' id='word_1_308' title='bbox 575 3073 659 3128; x_wconf 86' lang='lat' dir='ltr'>quarn</span> <span class='ocrx_word' id='word_1_309' title='bbox 677 3054 730 3110; x_wconf 89' lang='lat' dir='ltr'>etsi</span> <span class='ocrx_word' id='word_1_310' title='bbox 748 3067 831 3129; x_wconf 79' lang='lat' dir='ltr'>spero</span> <span class='ocrx_word' id='word_1_311' title='bbox 850 3077 913 3116; x_wconf 82' lang='lat' dir='ltr'>esse</span> <span class='ocrx_word' id='word_1_312' title='bbox 932 3059 1040 3128; x_wconf 79' lang='lat' dir='ltr'>falsam,</span> <span class='ocrx_word' id='word_1_313' title='bbox 1060 3077 1144 3132; x_wconf 78' lang='lat' dir='ltr'>uun·</span> 
     </span>
     <span class='ocr_line' id='line_1_37' title="bbox 174 3129 1143 3210; baseline 0.001 -17"><span class='ocrx_word' id='word_1_314' title='bbox 174 3151 257 3210; x_wconf 86' lang='lat' dir='ltr'>quam</span> <span class='ocrx_word' id='word_1_315' title='bbox 279 3146 373 3191; x_wconf 87' lang='lat' dir='ltr'>tamen</span> <span class='ocrx_word' id='word_1_316' title='bbox 400 3131 491 3187; x_wconf 87' lang='lat' dir='ltr'>verbis</span> <span class='ocrx_word' id='word_1_317' title='bbox 518 3131 686 3188; x_wconf 84' lang='lat' dir='ltr'>extenuabo.</span> <span class='ocrx_word' id='word_1_318' title='bbox 727 3129 795 3188; x_wconf 85' lang='lat' dir='ltr'>Tua</span> <span class='ocrx_word' id='word_1_319' title='bbox 821 3134 898 3190; x_wconf 86' lang='lat' dir='ltr'>enirn</span> <span class='ocrx_word' id='word_1_320' title='bbox 920 3135 1013 3189; x_wconf 82' lang='lat' dir='ltr'>cautio</span> <span class='ocrx_word' id='word_1_321' title='bbox 1036 3147 1143 3194; x_wconf 89' lang='lat' dir='ltr'>nostra</span> 
     </span>
     <span class='ocr_line' id='line_1_38' title="bbox 174 3207 1141 3282; baseline 0 -13"><span class='ocrx_word' id='word_1_322' title='bbox 174 3213 270 3269; x_wconf 85' lang='lat' dir='ltr'>cautio</span> <span class='ocrx_word' id='word_1_323' title='bbox 289 3219 346 3276; x_wconf 86' lang='lat' dir='ltr'>est;</span> <span class='ocrx_word' id='word_1_324' title='bbox 367 3217 408 3278; x_wconf 88' lang='lat' dir='ltr'>ut,</span> <span class='ocrx_word' id='word_1_325' title='bbox 422 3207 446 3262; x_wconf 93' lang='lat' dir='ltr'>si</span> <span class='ocrx_word' id='word_1_326' title='bbox 468 3207 498 3262; x_wconf 92' lang='lat' dir='ltr'>in</span> <span class='ocrx_word' id='word_1_327' title='bbox 518 3208 650 3264; x_wconf 79' lang='lat' dir='ltr'>alterutro</span> <span class='ocrx_word' id='word_1_328' title='bbox 669 3209 846 3282; x_wconf 87' lang='lat' dir='ltr'>peccandum</span> <span class='ocrx_word' id='word_1_329' title='bbox 866 3210 911 3279; x_wconf 90' lang='lat' dir='ltr'>sit,</span> <span class='ocrx_word' id='word_1_330' title='bbox 932 3208 1028 3263; x_wconf 86' lang='lat' dir='ltr'>malim</span> <span class='ocrx_word' id='word_1_331' title='bbox 1041 3209 1141 3272; x_wconf 81' lang='lat' dir='ltr'>videri</span> 
     </span>
     <span class='ocr_line' id='line_1_39' title="bbox 175 3281 1141 3362; baseline 0.004 -19"><span class='ocrx_word' id='word_1_332' title='bbox 175 3287 260 3344; x_wconf 88' lang='lat' dir='ltr'>nimis</span> <span class='ocrx_word' id='word_1_333' title='bbox 273 3284 399 3355; x_wconf 86' lang='lat' dir='ltr'>timidus,</span> <span class='ocrx_word' id='word_1_334' title='bbox 412 3281 498 3357; x_wconf 72' lang='lat' dir='ltr'>quarn</span> <span class='ocrx_word' id='word_1_335' title='bbox 517 3303 617 3358; x_wconf 91' lang='lat' dir='ltr'>parum</span> <span class='ocrx_word' id='word_1_336' title='bbox 630 3285 762 3360; x_wconf 86' lang='lat' dir='ltr'>prudens.</span> <span class='ocrx_word' id='word_1_337' title='bbox 803 3282 861 3341; x_wconf 82' lang='lat' dir='ltr'>Sed</span> <span class='ocrx_word' id='word_1_338' title='bbox 878 3285 1007 3362; x_wconf 70' lang='lat' dir='ltr'>quisnam</span> <span class='ocrx_word' id='word_1_339' title='bbox 1020 3297 1064 3343; x_wconf 87' lang='lat' dir='ltr'>est</span> <span class='ocrx_word' id='word_1_340' title='bbox 1078 3287 1141 3348; x_wconf 85' lang='lat' dir='ltr'>iste</span> 
     </span>
     <span class='ocr_line' id='line_1_40' title="bbox 175 3357 1139 3437; baseline -0.001 -17"><span class='ocrx_word' id='word_1_341' title='bbox 175 3374 232 3420; x_wconf 81' lang='lat' dir='ltr'>tarn</span> <span class='ocrx_word' id='word_1_342' title='bbox 247 3362 386 3419; x_wconf 81' lang='lat' dir='ltr'>demensi</span> <span class='ocrx_word' id='word_1_343' title='bbox 406 3361 442 3418; x_wconf 89' lang='lat' dir='ltr'>de</span> <span class='ocrx_word' id='word_1_344' title='bbox 456 3361 571 3418; x_wconf 82' lang='lat' dir='ltr'>tuisnel</span> <span class='ocrx_word' id='word_1_345' title='bbox 591 3362 702 3418; x_wconf 85' lang='lat' dir='ltr'>tametsi</span> <span class='ocrx_word' id='word_1_346' title='bbox 716 3363 765 3437; x_wconf 91' lang='lat' dir='ltr'>qui</span> <span class='ocrx_word' id='word_1_347' title='bbox 778 3357 876 3436; x_wconf 71' lang='lat' dir='ltr'>⁴inagis</span> <span class='ocrx_word' id='word_1_348' title='bbox 896 3362 1032 3434; x_wconf 75' lang='lat' dir='ltr'>sunt-tui,</span> <span class='ocrx_word' id='word_1_349' title='bbox 1045 3361 1139 3437; x_wconf 71' lang='lat' dir='ltr'>quam</span> 
     </span>
     <span class='ocr_line' id='line_1_41' title="bbox 109 3437 1139 3520; baseline 0.004 -26"><span class='ocrx_word' id='word_1_350' title='bbox 109 3441 161 3520; x_wconf 65' lang='lat'>‚40</span> <span class='ocrx_word' id='word_1_351' title='bbox 175 3439 277 3514; x_wconf 88' lang='lat' dir='ltr'>quibus</span> <span class='ocrx_word' id='word_1_352' title='bbox 290 3450 321 3495; x_wconf 89' lang='lat' dir='ltr'>tu</span> <span class='ocrx_word' id='word_1_353' title='bbox 335 3439 454 3496; x_wconf 84' lang='lat' dir='ltr'>salutem</span> <span class='ocrx_word' id='word_1_354' title='bbox 474 3437 683 3513; x_wconf 86' lang='lat' dir='ltr'>insperantibus</span> <span class='ocrx_word' id='word_1_355' title='bbox 696 3439 866 3495; x_wconf 80' lang='lat' dir='ltr'>reddidistil</span> <span class='ocrx_word' id='word_1_356' title='bbox 886 3457 923 3496; x_wconf 83' lang='lat' dir='ltr'>an</span> <span class='ocrx_word' id='word_1_357' title='bbox 936 3455 973 3496; x_wconf 86' lang='lat' dir='ltr'>ex</span> <span class='ocrx_word' id='word_1_358' title='bbox 985 3458 1020 3496; x_wconf 88' lang='lat' dir='ltr'>eo</span> <span class='ocrx_word' id='word_1_359' title='bbox 1033 3457 1139 3498; x_wconf 87' lang='lat' dir='ltr'>nurne-</span> 
     </span>
     <span class='ocr_line' id='line_1_42' title="bbox 175 3513 1137 3590; baseline 0.001 -16"><span class='ocrx_word' id='word_1_360' title='bbox 175 3535 216 3588; x_wconf 88' lang='lat' dir='ltr'>ro,</span> <span class='ocrx_word' id='word_1_361' title='bbox 236 3516 285 3590; x_wconf 90' lang='lat' dir='ltr'>qui</span> <span class='ocrx_word' id='word_1_362' title='bbox 306 3516 365 3572; x_wconf 75' lang='lat' dir='ltr'>una</span> <span class='ocrx_word' id='word_1_363' title='bbox 384 3527 481 3573; x_wconf 87' lang='lat' dir='ltr'>tecum</span> <span class='ocrx_word' id='word_1_364' title='bbox 502 3516 634 3572; x_wconf 71' lang='lat' dir='ltr'>luerunt?</span> <span class='ocrx_word' id='word_1_365' title='bbox 674 3513 741 3572; x_wconf 90' lang='lat' dir='ltr'>Non</span> <span class='ocrx_word' id='word_1_366' title='bbox 761 3527 805 3572; x_wconf 87' lang='lat' dir='ltr'>est</span> <span class='ocrx_word' id='word_1_367' title='bbox 823 3515 968 3572; x_wconf 82' lang='lat' dir='ltr'>credibilis</span> <span class='ocrx_word' id='word_1_368' title='bbox 985 3526 1080 3572; x_wconf 86' lang='lat' dir='ltr'>tantus</span> <span class='ocrx_word' id='word_1_369' title='bbox 1100 3517 1137 3576; x_wconf 90' lang='lat' dir='ltr'>in</span> 
     </span>
    </p>
   </div>
   <div class='ocr_carea' id='block_1_3' title="bbox 176 3581 1234 3666">
    <p class='ocr_par' dir='ltr' id='par_1_3' title="bbox 176 3581 1234 3666">
     <span class='ocr_line' id='line_1_43' title="bbox 176 3581 1234 3666; baseline -0.002 -16"><span class='ocrx_word' id='word_1_370' title='bbox 176 3594 234 3650; x_wconf 91' lang='lat' dir='ltr'>ullo</span> <span class='ocrx_word' id='word_1_371' title='bbox 254 3593 339 3662; x_wconf 81' lang='lat' dir='ltr'>furor,</span> <span class='ocrx_word' id='word_1_372' title='bbox 359 3603 399 3662; x_wconf 88' lang='lat' dir='ltr'>ut,</span> <span class='ocrx_word' id='word_1_373' title='bbox 423 3611 479 3664; x_wconf 90' lang='lat' dir='ltr'>quo</span> <span class='ocrx_word' id='word_1_374' title='bbox 499 3593 572 3650; x_wconf 87' lang='lat' dir='ltr'>duce</span> <span class='ocrx_word' id='word_1_375' title='bbox 593 3591 689 3649; x_wconf 73' lang='lat' dir='ltr'>omnia</span> <span class='ocrx_word' id='word_1_376' title='bbox 709 3581 820 3648; x_wconf 86' lang='lat' dir='ltr'>sunima</span> <span class='ocrx_word' id='word_1_377' title='bbox 839 3593 875 3646; x_wconf 86' lang='lat' dir='ltr'>sit</span> <span class='ocrx_word' id='word_1_378' title='bbox 894 3591 947 3646; x_wconf 85' lang='lat' dir='ltr'>ade</span> <span class='ocrx_word' id='word_1_379' title='bbox 967 3601 1022 3663; x_wconf 87' lang='lat' dir='ltr'>tus,</span> <span class='ocrx_word' id='word_1_380' title='bbox 1047 3591 1136 3666; x_wconf 84' lang='lat' dir='ltr'>hujus</span> <span class='ocrx_word' id='word_1_381' title='bbox 1228 3585 1234 3598; x_wconf 83' lang='grc'>’</span> 
     </span>
    </p>
   </div>
   <div class='ocr_carea' id='block_1_4' title="bbox 177 3662 1138 3830">
    <p class='ocr_par' dir='ltr' id='par_1_4' title="bbox 177 3662 1138 3830">
     <span class='ocr_line' id='line_1_44' title="bbox 177 3662 1137 3744; baseline -0.002 -19"><span class='ocrx_word' id='word_1_382' title='bbox 177 3669 261 3728; x_wconf 83' lang='lat' dir='ltr'>vitam</span> <span class='ocrx_word' id='word_1_383' title='bbox 272 3684 330 3724; x_wconf 92' lang='lat' dir='ltr'>non</span> <span class='ocrx_word' id='word_1_384' title='bbox 344 3677 494 3740; x_wconf 85' lang='lat' dir='ltr'>anteponat</span> <span class='ocrx_word' id='word_1_385' title='bbox 503 3685 569 3724; x_wconf 79' lang='lat' dir='ltr'>sue.</span> <span class='ocrx_word' id='word_1_386' title='bbox 606 3667 683 3744; x_wconf 62' lang='lat' dir='ltr'>[Aa]</span> <span class='ocrx_word' id='word_1_387' title='bbox 699 3669 723 3723; x_wconf 86' lang='lat' dir='ltr'>si</span> <span class='ocrx_word' id='word_1_388' title='bbox 736 3667 777 3723; x_wconf 86' lang='lat' dir='ltr'>tui</span> <span class='ocrx_word' id='word_1_389' title='bbox 786 3665 856 3722; x_wconf 88' lang='lat' dir='ltr'>nihil</span> <span class='ocrx_word' id='word_1_390' title='bbox 870 3665 934 3740; x_wconf 89' lang='lat' dir='ltr'>cogi</span> <span class='ocrx_word' id='word_1_391' title='bbox 975 3662 1137 3740; x_wconf 64' lang='lat' dir='ltr'>&#39;tsceleris,</span> 
     </span>
     <span class='ocr_line' id='line_1_45' title="bbox 178 3739 1138 3830; baseline 0 -26"><span class='ocrx_word' id='word_1_392' title='bbox 178 3745 336 3830; x_wconf 78' lang='lat' dir='ltr'>carendum</span> <span class='ocrx_word' id='word_1_393' title='bbox 359 3753 412 3816; x_wconf 86' lang='lat' dir='ltr'>est,</span> <span class='ocrx_word' id='word_1_394' title='bbox 433 3759 469 3820; x_wconf 68' lang='lat' dir='ltr'>ne</span> <span class='ocrx_word' id='word_1_395' title='bbox 495 3743 565 3815; x_wconf 86' lang='lat' dir='ltr'>quid</span> <span class='ocrx_word' id='word_1_396' title='bbox 588 3741 706 3799; x_wconf 87' lang='lat' dir='ltr'>inimici.</span> <span class='ocrx_word' id='word_1_397' title='bbox 745 3739 828 3802; x_wconf 79' lang='lat' dir='ltr'>Quit</span> <span class='ocrx_word' id='word_1_398' title='bbox 854 3757 954 3800; x_wconf 85' lang='lat' dir='ltr'>omnes</span> <span class='ocrx_word' id='word_1_399' title='bbox 976 3743 1063 3814; x_wconf 82' lang='lat' dir='ltr'>enim,</span> <span class='ocrx_word' id='word_1_400' title='bbox 1082 3745 1138 3817; x_wconf 83' lang='lat' dir='ltr'>qui</span> 
     </span>
    </p>
   </div>
   <div class='ocr_carea' id='block_1_5' title="bbox 0 0 1280 4212">
    <p class='ocr_par' dir='ltr' id='par_1_5' title="bbox 0 0 1280 4212">
     <span class='ocr_line' id='line_1_46' title="bbox 0 0 1280 4212; baseline 0 0"><span class='ocrx_word' id='word_1_401' title='bbox 0 0 1280 4212; x_wconf 95' lang='lat' dir='ltr'> </span> 
     </span>
    </p>
   </div>
  </div>
 </body>
</html>
