2542 4212
124 302 166 368 ΕΒ
395 305 530 358 ORATIO
546 307 615 358 PRO
632 304 727 358 Laos
743 304 908 358 Manlum.

177 461 260 524 atque
275 449 395 524 imperii,
409 461 470 508 tum
483 450 572 526 ipsius
585 450 709 511 hominis
718 449 815 530 causi,
830 446 929 522 (siouti
944 445 1050 525 smilis)
1064 445 1131 516 ¹velle

177 539 206 584 et
220 538 317 602 optare
330 528 447 585 debetis.

215 604 326 675 Quare,
339 601 406 662 sirm
426 616 455 662 et
468 603 573 662 bellum
587 601 626 662 ita
638 603 828 662 necessarium
842 603 888 674 sit,
909 613 941 660 ut
954 601 1062 680 negligi
1077 622 1131 662 uon

177 682 283 756 possit;
305 682 344 738 its
359 697 504 757 magnum,
524 694 556 739 ut
577 677 787 740 aoeurarissimri
807 680 843 738 sit
863 681 1130 750 administrandum

144 765 166 818 5'
178 769 207 814 et
220 756 287 815 oiim
301 759 327 814 ei
350 759 544 833 imperatorem
562 759 705 834 praefieere
723 758 845 833 possitis,
866 759 895 814 in
908 776 965 830 quo
980 757 1017 814 sit
1030 758 1132 816 eximia

179 833 244 892 belli
260 835 387 906 seientia,
402 837 553 908 singularis
566 838 661 905 virtus,
675 835 831 892 clarissima
844 835 1005 905 auotoritas,
1019 835 1132 909 egregia

178 912 303 976 sortuna3
325 911 498 979 dubitabitis,
509 911 650 980 Quirites,
670 913 738 984 quin
760 913 816 968 hoe
835 922 946 968 tautum
960 911 1039 982 boui,
1059 913 1131 985 quod

177 987 257 1042 vobis
269 1005 286 1042 a
299 986 364 1042 Diis
383 987 586 1044 immortalibus
598 988 721 1044 oblatum
735 998 763 1043 et
783 989 879 1044 datum
893 999 946 1060 est,
960 988 990 1044 in
1004 989 1132 1066 rempub·

176 1063 266 1120 licam
275 1064 495 1120 conservandam
509 1075 591 1138 atque
606 1062 829 1139 amplificandam
844 1065 1016 1126 conferatisl

128 1149 162 1202 10
216 1140 315 1197 XVII.
349 1137 440 1201 Quod
453 1142 477 1198 si
492 1141 593 1198 Romae
614 1142 669 1198 Cu.
684 1141 834 1216 Pompeius
854 1143 978 1216 privatus
991 1153 1066 1200 esset
1080 1143 1132 1200 hou

176 1228 317 1290 tempore3
337 1229 432 1274 tamen
447 1218 482 1274 ad
496 1228 606 1275 tantum
626 1219 731 1274 bellum
745 1219 769 1274 is
790 1230 850 1276 erat
869 1220 1038 1295 deligendus
1050 1232 1131 1294 arque

175 1293 339 1349 mittendus.
378 1293 475 1365 Nune,
494 1291 562 1352 sirm
583 1296 619 1352 ad
639 1306 757 1354 emtores
775 1314 900 1352 summas
919 1297 1052 1354 utilitates
1072 1299 1132 1354 haee

175 1389 284 1444 quoque
300 1372 492 1446 opportunitas
506 1372 685 1449 adjungatur,
703 1383 734 1430 ut
748 1373 779 1433 in
792 1372 829 1430 iis
841 1373 910 1448 ipsis
923 1374 994 1432 loeis
1007 1375 1089 1445 adsit,
1102 1385 1133 1430 ut

176 1447 278 1504 habeat
290 1449 456 1521 exereitum,
470 1461 502 1507 ut
515 1451 551 1506 ab
565 1451 613 1522 iis,
623 1451 672 1525 qui
687 1451 803 1522 habent,
824 1451 953 1526 arripere
967 1453 1060 1510 statim
1073 1471 1133 1526 pos·

128 1533 161 1587 15
176 1524 213 1582 sit
221 1545 228 1594 ;
242 1527 309 1601 quid
322 1529 538 1602 empeetamusl
560 1540 608 1586 aut
620 1547 670 1588 eur
684 1547 752 1600 uon,
765 1529 886 1586 slueibus
897 1528 961 1585 Diis
975 1528 1134 1588 immortali-

177 1602 239 1673 bus,
253 1605 356 1674 eidem,
374 1606 421 1662 cui
435 1617 546 1676 catera,
566 1605 677 1664 summi
690 1615 757 1664 eum
770 1605 859 1664 salute
873 1606 1045 1680 reipublicae,
1060 1623 1134 1662 uom-

175 1680 262 1734 missa
274 1691 349 1749 sunt,
365 1682 420 1736 hoo
433 1699 543 1753 quoque
557 1682 660 1738 bellurn
673 1685 782 1756 regium
797 1683 1018 1740 committimus?

215 1756 256 1812 At
274 1756 350 1812 enim
364 1757 405 1812 vir
425 1757 606 1828 clarissimus,
621 1758 829 1814 amentissimus
841 1757 1015 1831 reipublicae,
1035 1759 1135 1814 vestris
1240 1799 1245 1810 .

177 1832 323 1892 beneficiis
337 1834 517 1910 amplissimis
536 1834 662 1906 affectus,
675 1835 716 1897 Q·
731 1833 859 1907 Catulus,
879 1835 1003 1908 itemque
1017 1835 1135 1892 summis

124 1923 161 1982 530
176 1913 350 1970 ornamentis
371 1913 494 1984 honoris,
517 1913 645 1984 forturrae,
666 1914 786 1983 virtutis,
806 1912 915 1988 ingenii
935 1912 1078 1986 preditus,
1093 1909 1133 1972 Q

177 1987 356 2057 Hortensius,
375 1990 412 2042 ab
424 1990 478 2043 hae
491 1991 599 2044 rarione
613 1991 798 2046 dissentiunt:
819 2006 938 2060 quorum
950 2005 1003 2060 ego
1016 1988 1136 2044 auotori-

176 2073 262 2118 tatem
283 2064 357 2136 apud
381 2079 429 2118 vos
450 2063 546 2118 multis
570 2062 641 2118 louis
664 2061 819 2136 plurimum.
836 2062 966 2130 valuisse,
990 2073 1020 2120 et
1042 2063 1135 2122 valere

175 2149 312 2214 oportere,
337 2137 489 2206 confiteor;
511 2139 563 2196 sed
584 2138 614 2194 io
634 2139 688 2196 hae
709 2139 806 2208 causi,
830 2138 942 2196 tametsi
963 2141 1136 2215 cognoscitis

176 2218 356 2276 auctoritates
374 2216 528 2274 soumarias
548 2216 669 2274 virorum
688 2216 901 2276 fortissimorum
923 2227 953 2274 et
969 2215 1136 2276 clarissimo·

125 2315 161 2368 25
176 2313 248 2366 rum,
264 2307 368 2366 tamen,
382 2294 493 2351 omissis
514 2294 735 2366 auetoritatibus,
749 2294 811 2370 ipse
831 2313 861 2352 re
875 2296 1025 2356 erratione
1039 2295 1136 2369 exqui-

175 2387 238 2428 rere
250 2390 399 2445 possumus
414 2371 576 2439 veritatem
591 2381 673 2459 stopie
688 2372 742 2428 hoe
757 2369 878 2443 facilius,
890 2370 968 2445 quod
981 2392 1015 2429 ea
1028 2373 1135 2443 omnia,

174 2467 237 2522 quae
251 2449 344 2504 adhue
359 2467 376 2504 a
390 2463 436 2505 me
450 2449 526 2506 dieta
546 2459 622 2518 sunt,
636 2449 723 2505 tidem
737 2449 784 2506 isti
804 2467 946 2504 versasse
960 2450 1136 2520 concedunt,

175 2536 204 2582 et
230 2527 423 2583 necessarium
447 2527 551 2584 bellum
574 2544 647 2597 esse,
670 2535 700 2584 et
722 2543 867 2602 maguum,
891 2535 921 2582 et
943 2525 974 2582 iri
997 2543 1056 2582 uno
1079 2523 1135 2580 Cn.

175 2602 309 2680 Pompeio
323 2621 434 2661 summa
447 2624 509 2662 esse
522 2605 626 2662 omnia.

126 2693 162 2746 30
214 2683 297 2744 Quid
311 2683 396 2759 igitur
407 2684 446 2741 ait
459 2683 651 2748 Hortensius?
685 2682 717 2742 Si
730 2682 890 2757 uuiomuia
897 2681 1047 2744 tribuenda
1057 2689 1135 2750 sunt,

176 2779 267 2818 unum
287 2763 487 2835 dignissimum
507 2781 569 2817 esse
591 2761 773 2833 Pompeium
795 2761 847 2816 sed
870 2760 905 2816 ad
928 2777 1018 2816 unum
1038 2769 1135 2815 tamen

176 2838 272 2893 omnia
293 2837 395 2892 deferri
416 2855 474 2891 non
493 2845 628 2908 oportere.
669 2834 815 2890 Obsolerit
831 2836 890 2906 jam
911 2837 965 2892 ista
984 2835 1082 2905 oratio,
1103 2853 1136 2892 re

177 2910 268 2967 multi>
281 2912 373 2984 magis
386 2908 471 2983 quam
492 2911 584 2965 verbis
602 2909 728 2964 refutata.
769 2908 846 2964 Nam
859 2921 891 2964 tu
905 2909 992 2978 idem,
1005 2911 1045 2969 Q·
1061 2911 1139 2968 Hor·

177 2989 260 3058 tensi,
284 2987 381 3058 multa,
402 3005 453 3061 pro
473 2986 522 3042 turi
544 2985 654 3042 summai
682 2984 775 3058 copit·
788 3003 822 3042 ao
844 2985 980 3058 singulari
1003 2985 1139 3043 facultate

127 3075 162 3128 35
178 3065 301 3136 dicendi,
325 3076 354 3121 et
377 3065 406 3120 in
431 3074 531 3120 senatu
552 3073 651 3119 eontra
674 3061 765 3118 virum
789 3061 887 3118 sortem
911 3062 948 3118 A.
968 3061 1139 3132 Gabinium,

177 3144 297 3218 graviter
317 3138 472 3211 ornateque
489 3140 595 3209 dixisti,
610 3137 675 3202 eirm
689 3139 714 3194 is
727 3139 763 3194 de
781 3157 838 3194 uuo
852 3139 1017 3212 imperatore
1035 3150 1140 3196 eontra

177 3221 324 3294 praedones
341 3215 540 3270 constituendo
554 3216 648 3289 legem
667 3215 889 3289 promulgissen
903 3225 980 3272 etex
998 3216 1053 3272 hoo
1074 3215 1141 3290 ipso

176 3295 240 3352 loeo
253 3291 392 3368 permulta
406 3291 473 3348 item
492 3302 589 3348 eontra
601 3291 693 3366 legem
706 3310 771 3348 eam
790 3292 875 3348 verba
889 3292 988 3350 fecisti.
1029 3292 1139 3354 Quid?

177 3383 237 3429 tum
260 3370 321 3447 (per
340 3369 417 3427 Deos
435 3367 634 3446 immortalesi)
656 3369 679 3426 si
697 3366 761 3444 plits
778 3370 853 3445 apud
875 3369 1010 3447 populum
1029 3369 1140 3428 Roma-

127 3460 162 3513 40
177 3467 246 3506 num
267 3449 417 3506 auctoritas
438 3458 497 3520 lus,
519 3445 604 3523 quim
625 3447 712 3522 ipsius
731 3448 828 3523 populi
850 3447 975 3506 Romani
999 3447 1085 3518 salus,
1105 3457 1140 3504 et

176 3545 242 3584 vera
262 3545 357 3596 eausa,
376 3527 517 3598 valuisset,
538 3526 621 3583 hodie
639 3525 714 3582 hano
734 3525 861 3601 gloriam,
882 3536 964 3598 atque
983 3526 1039 3582 hou
1056 3524 1140 3581 orbis

177 3615 259 3661 terrra
282 3603 441 3678 imperium,
462 3605 641 3662 teneremusl
679 3604 730 3662 'An
749 3603 801 3660 tibi
821 3613 881 3659 tum
902 3602 1050 3676 imperium
1070 3617 1141 3657 esse

176 3680 232 3739 hoe
252 3681 406 3750 ridebatur,
426 3675 494 3735 siun
513 3681 610 3755 populi
630 3680 758 3738 Romani·
774 3678 868 3754 legati,
886 3689 1027 3754 pretores,
1046 3696 1145 3753 qums-
