2516 4204
146 305 203 366 lau
443 301 578 352 onnmo
595 301 632 351 ru
649 299 686 351 ra.
702 265 909 353 succurunt(

233 445 268 500 V.
303 443 361 499 Sed
374 440 441 500 cum
459 445 542 515 milri,
562 444 660 500 Patres
679 443 851 516 conscripti,
870 452 899 498 et
911 459 963 517 pro
977 459 1024 498 me
1036 440 1146 518 aliquid,

193 529 223 578 ct
236 520 266 576 iu
280 518 321 576 Μ.
338 521 496 578 Antonium
509 521 597 576 multa
607 519 730 576 dicenda
740 520 811 588 sint;
833 520 951 576 alterum
961 529 1028 593 peto
1037 539 1054 576 a
1063 520 1146 592 vobis,

193 606 225 654 ut
238 615 290 668 me,
307 614 415 671 prome
429 598 583 668 dicentem,
599 593 738 671 benignd3
759 597 876 652 alterum
891 596 951 670 ipse
965 595 1096 667 efficiam,
1109 609 1147 669 ut,

194 684 295 732 contra
308 674 386 730 illum
399 671 468 731 cirm
482 675 584 745 dicam,
599 671 706 731 attente
727 674 856 730 audiatis.
898 672 989 730 Simul
1004 673 1073 730 illud
1087 693 1146 731 oro:

160 759 180 812 5
195 750 220 808 si
233 769 335 821 meam,
357 748 424 809 crim
438 752 468 807 in
482 752 559 808 omni
573 751 640 822 vict,
661 761 720 807 tum
734 750 765 806 in
787 750 917 822 dicendo,
933 751 1148 808 moderationem

195 828 415 902 modestiamque
436 827 589 902 cognostis,
611 845 709 884 neme
729 829 824 898 hodie,
845 825 910 884 clun
925 827 982 897 isti,
1003 837 1035 884 ut
1053 847 1149 902 provo·

193 905 279 973 cavit,
299 905 480 976 respondero,
493 905 612 959 oblitum
633 923 696 960 esse
709 905 814 978 putetis
831 905 896 960 mei.
937 903 1004 960 Non
1026 905 1148 964 tractabo

194 989 225 1035 ut
238 979 398 1047 consulem3
420 998 457 1035 ne
479 979 526 1035 ille
542 980 656 1053 quidem
677 999 722 1035 me
743 991 774 1036 ut
794 982 982 1037 consularem.
1023 979 1085 1038 Etsi
1105 981 1147 1040 ille

193 1055 272 1112 nullo
294 1056 377 1112 modo
397 1057 508 1128 consul,
530 1056 574 1113 vel
594 1053 671 1130 qudd
699 1057 739 1112 ita
759 1056 836 1128 vivit,
863 1058 906 1114 vel
927 1054 1004 1132 quod
1027 1059 1066 1116 ita
1092 1079 1148 1118 rem

146 1142 180 1194 10
194 1133 336 1208 pubiicum
349 1133 429 1208 gerit,
445 1134 487 1189 vel
501 1131 576 1206 qudd
591 1133 631 1190 ita
644 1134 735 1190 factus
748 1144 791 1191 est
809 1135 928 1191 consul:
942 1153 1005 1210 ego,
1019 1135 1080 1194 siue
1094 1137 1148 1194 ullt

193 1211 391 1279 controversia,
405 1211 568 1266 consularis.

233 1284 270 1340 Ut
284 1285 369 1358 igitur
383 1285 587 1360 intelligeretis,
602 1287 713 1360 qualem
728 1288 789 1362 ipsc
809 1307 840 1344 se
854 1291 1000 1348 consulem
1013 1291 1149 1366 profitere·

192 1371 247 1430 tur,
261 1361 365 1436 objecit
378 1362 448 1418 mibi
462 1363 640 1420 consulatum
654 1383 759 1421 meum.
799 1365 860 1426 Qui
875 1369 1047 1439 consulatus,
1068 1371 1149 1426 verbo

193 1455 284 1509 meus,
305 1437 402 1496 Patres
423 1439 593 1516 Conscripti,
620 1461 651 1498 re
673 1453 764 1499 vester
787 1444 846 1500 suit
886 1444 967 1505 Quid
994 1446 1072 1502 enim
1098 1465 1151 1520 ego

146 1526 180 1578 15
194 1517 337 1588 constitui,
351 1517 418 1591 quid
431 1517 516 1592 gessi,
530 1519 598 1592 quid
611 1519 667 1594 egi,
681 1520 735 1577 nisi
751 1539 787 1576 ex
800 1521 882 1596 hujus
899 1523 1007 1578 ordinis
1021 1523 1150 1594 consilio,

195 1594 369 1665 auctoritate,
390 1595 551 1652 sententidl
592 1596 664 1652 Haec
684 1609 724 1668 tu,
746 1598 832 1656 bomo
845 1599 966 1671 sapiens,
987 1597 1151 1657 uon'solirm

194 1670 337 1744 eloquens,
352 1673 427 1746 apud
441 1685 497 1744 cos,
511 1691 628 1746 quorum
642 1673 760 1729 consilio
773 1674 965 1746 sapientiaque
981 1685 1062 1746 gesta
1072 1688 1153 1749 sunt,

153 1745 157 1756 '
194 1765 279 1802 ausus
294 1767 325 1804 es
338 1749 515 1824 vituperaret
554 1749 632 1809 Quis
645 1760 749 1819 autem,
769 1767 864 1804 meum
879 1749 1067 1820 consulatum,
1081 1770 1154 1824 prae·

194 1834 236 1882 ter
250 1823 282 1880 P.
296 1825 439 1897 Clodium,
453 1827 501 1901 qui
515 1827 695 1902 vituperaret,
710 1827 839 1882 inventus
853 1827 918 1882 esti
939 1827 1020 1900 cujus
1034 1827 1152 1900 quidem

144 1902 180 1957 20
194 1913 222 1960 te
237 1903 333 1974 fatum,
348 1903 431 1960 sicuti
445 1904 479 1960 C.
496 1904 660 1975 Curionem,
675 1914 786 1974 manet3
807 1904 941 1978 quoniam
962 1904 992 1960 id
1005 1905 1082 1961 domi
1094 1917 1150 1963 tue

193 1991 245 2047 est,
259 1980 333 2050 quod
347 1980 399 2034 fuit
413 1979 523 2035 illorum
537 1982 647 2052 utrique
668 1981 759 2036 fatale.

191 2087 194 2092 ,
221 2053 299 2108 ·Non
319 2053 412 2125 placet
425 2052 465 2106 M.
481 2055 609 2109 Antonio
630 2057 794 2112 consulatus
813 2075 901 2113 meus.
943 2059 985 2116 At
997 2059 1105 2134 placuit
1118 2060 1147 2117 P.

193 2128 322 2200 Servilio,
335 2139 366 2185 ut
379 2147 444 2186 eum
464 2129 586 2204 primum
601 2131 746 2188 nominem
759 2151 795 2189 ex
816 2133 890 2190 illius
903 2137 1037 2210 temporis
1050 2156 1149 2196 consu·

108 2279 110 2284 Ι
192 2206 306 2279 laribus,
320 2207 368 2282 qui
382 2203 508 2282 proxime
523 2218 652 2265 mortuus
665 2220 726 2266 est:
745 2210 852 2285 placuit
862 2211 901 2272 Q.
913 2212 1027 2270 Lutatio
1037 2215 1148 2286 Catulo,

143 2286 179 2340 25
193 2285 274 2359 cujus
289 2304 398 2358 semper
413 2286 443 2342 in
457 2286 511 2341 hac
525 2286 671 2360 republica
685 2287 758 2344 vivet
772 2290 941 2346 auctoritas:
962 2291 1069 2364 placuit
1082 2292 1149 2349 duo-

194 2361 246 2416 bus
261 2361 397 2430 Lucullis,
421 2361 461 2416 M.
476 2362 589 2430 Crasso,
611 2362 651 2420 Q·
666 2363 830 2434 Hortensio,
852 2366 885 2420 C.
899 2365 1026 2438 Curioni,
1041 2367 1082 2425 M.
1096 2368 1149 2426 Le-

191 2436 267 2510 pido,
281 2435 315 2491 C.
329 2435 436 2506 Pisoni,
450 2435 494 2491 Μ’
507 2436 664 2506 Glabrioni,
679 2437 712 2492 L.
725 2439 863 2509 Volcatio,
877 2441 908 2496 C.
923 2441 1035 2514 Figulo,
1051 2445 1088 2502 D.
1103 2446 1148 2502 Si-

191 2511 267 2584 lauc,
281 2523 310 2570 et
317 2511 350 2569 L.
361 2511 500 2584 Murenae,
510 2513 558 2587 qui
572 2524 633 2570 tum
641 2527 722 2572 erant
730 2515 861 2572 consules
871 2517 1028 2592 designati:
1042 2521 1150 2594 placuit

193 2589 360 2666 idem,quod
374 2591 577 2663 consularibus,
591 2590 633 2648 M.
648 2592 767 2650 Catoni:
781 2593 828 2668 qui
842 2591 909 2652 cirm
923 2595 1019 2668 multe,
1033 2597 1090 2654 viui
1104 2618 1151 2656 ex·

144 2673 179 2728 30
193 2671 307 2743 cedens,
321 2671 451 2746 providit,
465 2682 526 2728 tum
539 2667 615 2745 qudd
630 2681 658 2728 te
673 2672 818 2729 consulem
832 2691 889 2731 non
903 2673 980 2730 vidit.
1020 2672 1150 2732 Maxime

192 2747 259 2806 verb
273 2749 452 2806 consulatum
472 2768 568 2804 meum
582 2749 637 2804 Cu.
653 2749 804 2823 Pompeius
824 2751 966 2824 probavit;
987 2751 1044 2824 qui,
1056 2761 1087 2807 ut
1099 2769 1152 2808 me
1210 2791 1213 2797 -

192 2823 314 2897 primirm
334 2825 478 2878 decedens
498 2841 534 2888 err
561 2824 645 2893 Syria
666 2825 744 2893 vidit,
765 2828 928 2898 complexus
947 2838 976 2883 et
995 2828 1149 2901 gratulans,

191 2916 256 2951 mco
269 2896 407 2950 beneficio
420 2896 539 2966 patriam
552 2913 583 2948 se
597 2897 723 2951 visurum
736 2917 798 2953 esse
812 2901 890 2955 dixit.
932 2903 989 2958 Sed
1010 2905 1077 2976 quid
1092 2906 1150 2962 sin·

191 2969 271 3044 gulos
292 2971 500 3027 commemoro?
521 2970 746 3046 frequentissimo
772 2975 883 3030 senatui
904 2977 946 3032 sic
971 2980 1088 3053 placuit,
1117 2993 1149 3038 ut

141 3051 176 3104 35
191 3058 266 3106 esset
285 3066 379 3117 nemo,
399 3047 448 3120 qui
468 3047 538 3104 mibi
559 3066 626 3117 non,
647 3058 679 3104 ut
698 3049 816 3122 parenti,
837 3052 941 3124 gratias
961 3068 1057 3126 ageret
1068 3077 1076 3126 ;
1098 3059 1149 3133 qui

191 3143 250 3183 non
270 3125 340 3180 mihi
353 3124 437 3178 vitam
458 3141 548 3192 suam,
561 3123 672 3193 liberos,
693 3125 826 3195 fortunas,
841 3123 1043 3200 rempublicam
1061 3137 1149 3193 refer·

190 3212 233 3258 ret
246 3207 397 3268 acceptam.
1084 3269 1089 3278 ,

229 3271 280 3326 v1.
315 3271 382 3342 Sed,
395 3271 527 3346 quoniam
541 3273 597 3329 illis
609 3292 679 3347 quos
691 3277 843 3350 nominavi,
856 3289 897 3337 tot
909 3291 938 3338 et
950 3283 1054 3343 talibus
1067 3290 1146 3360 viris,

189 3349 348 3422 respublica
367 3350 464 3407 orbata
479 3360 537 3419 est3
559 3351 705 3409 veniamus
725 3355 761 3410 ad
774 3355 861 3427 vivos,
874 3358 922 3432 qui
944 3361 1000 3418 duc
1013 3381 1030 3419 e
1044 3382 1148 3422 consu·

141 3433 177 3488 40
190 3424 290 3482 larium
311 3446 429 3484 numero
448 3422 548 3502 reliqui
563 3439 636 3486 sunt.
677 3430 710 3487 L.
726 3431 819 3504 Cotta,
833 3435 874 3492 vir
888 3453 997 3494 summo
1017 3439 1146 3518 ingenio,

190 3503 355 3576 summique
374 3505 535 3578 prudentia,
556 3506 640 3564 rebus
660 3508 696 3565 iis
715 3511 802 3584 gestis
821 3529 890 3584 quas
904 3523 935 3568 tu
950 3519 1145 3588 reprehendis,

181 3579 422 3652 supplicationem
444 3583 570 3640 decrevit
589 3585 680 3642 verbis
700 3587 895 3660 amplissimis:
916 3590 997 3663 eique
1017 3594 1058 3650 illi
1076 3593 1145 3668 ipsi,

190 3672 259 3728 quos
271 3652 355 3713 modd
369 3657 527 3740 nominavi,
542 3662 715 3732 consulares,
731 3673 900 3735 senatusque
914 3679 1034 3726 cunctus
1047 3689 1146 3728 assen-

190 3749 239 3787 sus
251 3739 309 3787 est:
329 3747 377 3805 qur
391 3729 487 3801 bonos,
506 3745 569 3804 post
587 3737 731 3794 conditam
751 3739 825 3796 banc
845 3740 953 3814 urbem,
974 3743 1085 3804 babitus
1098 3757 1147 3803 cst
