2516 4204
348 374 483 424 ORATIO
499 374 569 423 Pso
585 373 616 424 Τ.
633 375 746 425 asmo
762 375 908 427 MILONE.
1085 377 1139 436 101

166 517 252 581 Quid
265 517 341 574 enim
350 515 432 573 nobis
442 516 562 586 duobus,
575 516 697 591 judices,
710 517 899 575 laboriosius?
918 517 987 592 quid
998 517 1089 593 magis

131 596 291 666 sollicitum,
304 593 396 668 magis
415 593 582 663 exercitum,
603 593 662 650 dici
682 605 732 650 aut
751 595 821 670 fingi
834 595 946 670 potestf
966 593 1025 668 qui,
1039 613 1089 670 spe

132 673 364 748 amplissimorum
383 670 563 744 premiorum
585 671 621 726 ad
641 671 844 744 rempublicam
865 671 990 740 adducti,
1011 681 1088 728 metu

130 750 388 808 crudelissimorum
401 746 606 820 suppliciorum
619 763 715 802 carere
736 765 793 803 non
807 765 963 822 possumus.
1005 745 1091 819 Equi·

131 827 195 884 dern
206 837 324 882 ceteras
338 833 517 894 tempestates
530 831 560 876 et
573 822 721 895 procellas,
735 823 765 878 in
780 823 835 879 illis
849 825 986 880 duntaxat
999 821 1090 880 flucti-
1105 827 1124 880 ³

132 903 186 958 bns
199 901 381 966 concionum,
399 915 507 970 semper
519 897 616 970 putavi
629 896 730 954 Miloni
744 917 806 954 esse
826 901 998 970 subeundas,
1012 897 1089 973 qudd

134 995 245 1051 semper
257 993 310 1049 pro
323 973 403 1030 bonis
416 983 515 1030 contra
532 974 672 1047 improbos
686 985 828 1031 senserat:
850 976 879 1032 in
891 977 999 1051 judicio
1012 973 1089 1046 verd,

133 1065 164 1111 et
176 1055 205 1110 in
220 1071 254 1109 ec
266 1050 395 1120 consilio,
409 1050 439 1105 in
452 1068 508 1123 quc
520 1067 557 1106 ex
569 1051 682 1106 cunctis
695 1051 842 1107 ordinibus
860 1052 1024 1128 amplissimi
1037 1052 1090 1108 riri

135 1131 298 1199 ‘udicarent,
317 1145 463 1200 nunquam
483 1126 639 1182 existimari
660 1145 739 1201 spem
759 1127 845 1184 ullam
865 1145 927 1185 esse
949 1129 1091 1184 habituros

165 1207 248 1264 ilonis
269 1205 411 1278 inimicos,
433 1204 468 1259 ed
488 1203 559 1277 ejus,
582 1221 640 1259 non
661 1203 779 1260 salutern
800 1203 884 1262 modo
909 1205 1091 1280 exstinguen·
1108 1209 1142 1264 1⁰

130 1285 205 1354 dam,
219 1283 371 1340 sedetiam
385 1280 502 1356 gloriam
515 1298 565 1354 per
579 1280 650 1336 tales
662 1279 735 1337 viros
749 1281 963 1356 infringendam.

167 1361 354 1434 Quanquam,
368 1358 400 1414 in
410 1357 466 1414 hic
479 1357 577 1426 causi,
588 1356 710 1431 judices,
724 1356 762 1412 Τ.
777 1359 866 1414 Annii
879 1359 1034 1430 tribunatu,
1048 1379 1091 1418 re·

131 1439 239 1512 busque
252 1436 387 1494 omnibns
399 1453 451 1508 pro
465 1434 555 1490 salute
568 1433 730 1508 reipublicae
744 1435 841 1508 gestis,
852 1436 886 1490 ad
900 1436 984 1510 hujus
998 1437 1092 1492 crimi-

132 1516 179 1574 nis
192 1514 390 1570 defensionem
403 1529 461 1567 non
477 1511 638 1568 abutemur:
659 1508 716 1566 nisi
730 1510 821 1566 oculis
835 1511 960 1568 videritis
974 1511 1092 1568 insidias

131 1591 238 1649 Miloni
260 1589 396 1646 aClodio
414 1587 510 1658 factas,
532 1605 586 1644 nec
604 1587 782 1662 deprecaturi
803 1605 910 1658 snmus,
932 1599 963 1644 ut
983 1589 1092 1645 crimen
1110 1589 1143 1642 1⁵

129 1671 184 1728 boc
205 1667 298 1737 nobis,
320 1665 409 1722 multa
426 1675 538 1739 propter
558 1665 692 1740 preclara
714 1664 743 1720 in
761 1665 962 1738 rempublicam
983 1665 1091 1736 merita,

129 1745 315 1811 condonetis3
332 1761 389 1798 neo
401 1741 577 1816 postulaturi,
596 1752 636 1812 ut,
650 1741 675 1798 si
690 1759 765 1796 mors
784 1741 814 1796 P.
829 1741 924 1798 Clodii
938 1742 1013 1798 salus
1034 1761 1093 1798 ves-

131 1834 177 1880 tra
192 1821 288 1889 fuerit,
308 1820 416 1875 idcirco
435 1835 498 1874 eam
518 1819 613 1874 virtuti
632 1817 751 1874 Milonis
771 1813 875 1892 potius,
894 1816 978 1890 quim
999 1817 1093 1891 populi

130 1897 261 1956 Romani
285 1894 422 1964 felicitati,
447 1893 604 1968 assignetis.
647 1895 698 1950 Sin
723 1893 798 1950 illius
826 1894 936 1950 insidiae
961 1893 1094 1950 clariores

129 1977 185 2032 bac
198 1974 265 2030 luce
279 1971 396 2041 fuerint,
417 1981 475 2028 tum
491 1971 613 2045 denique
632 1971 789 2032 obsecrabo
808 1971 1021 2044 obtestaborque
1036 1987 1093 2041 roe,
1109 1971 1145 2026 ω

126 2052 250 2127 jndices,
264 2050 290 2106 si
304 2058 408 2106 cetera
420 2049 577 2118 amisimus,
591 2049 646 2104 boc
659 2047 759 2104 saltem
773 2047 854 2104 nobis
866 2061 898 2104 ut
912 2047 1093 2120 relinquatur,

130 2129 167 2184 ab
188 2128 371 2184 inimicorum
392 2119 650 2198 audacif'telisque
668 2125 753 2180 vitam
766 2134 798 2180 ut
818 2122 934 2200 impune
950 2124 1034 2180 liceat
1047 2124 1095 2179 de-

131 2203 258 2261 tendere.

172 2280 231 2336 111.
267 2280 336 2349 Sed,
350 2289 500 2352 antequam
513 2279 549 2335 ad
560 2297 624 2334 eam
635 2280 789 2338 orationem
802 2280 895 2350 venio,
908 2297 970 2353 quae
979 2289 1022 2335 est
1035 2297 1096 2354 pro·

131 2357 196 2432 pria
215 2365 318 2413 nostre
331 2356 504 2429 questionis,
524 2356 656 2412 videntur
676 2375 711 2412 ea
730 2377 793 2414 esse
813 2357 970 2426 refutanda,
984 2375 1046 2430 quae
1066 2365 1095 2412 et
1110 2356 1147 2412 25

130 2435 161 2492 in
176 2445 278 2492 senatu
292 2433 329 2490 ab
343 2433 468 2489 inimicis
481 2451 556 2506 saepe
568 2433 674 2507 jactata
687 2448 763 2504 sunt,
784 2435 856 2490 etin
870 2433 1007 2491 concione
1020 2451 1095 2510 sepe

131 2512 171 2568 ab
198 2511 343 2582 improbis,
369 2519 399 2564 et
424 2507 510 2582 paulo
539 2508 605 2566 ante
634 2511 671 2564 ab
697 2511 925 2576 accusatoribus3
952 2521 992 2580 ut,
1019 2510 1096 2566 omni

134 2585 261 2663 [errore]
280 2585 401 2652 soblem,
421 2602 481 2638 rem
494 2582 591 2656 plane,
611 2603 674 2657 que
692 2588 769 2643 venit
788 2587 818 2643 in
836 2587 987 2662 judicium,
1002 2588 1096 2642 videre

203 2661 260 2718 itis.

132 2681 297 2812 poslilegnnt
311 2734 416 2790 intueri
428 2734 521 2790 lucem
542 2754 605 2791 esse
619 2736 660 2793 fas
673 2739 709 2809 ei,
724 2741 770 2814 qui
785 2761 802 2797 a
815 2759 846 2796 se
867 2740 1009 2796 hominem
1023 2739 1098 2795 ccci·
1113 2742 1149 2797 30

134 2834 202 2873 sum
216 2832 280 2870 esse
296 2811 418 2870 fateatur.
462 2811 497 2867 In
511 2813 567 2886 qui
578 2815 691 2872 tandem
705 2819 774 2874 urbe
788 2819 842 2874 hcc
854 2818 981 2874 homines
995 2815 1098 2873 stultis-

134 2893 202 2951 simi
225 2890 391 2965 disputanti
418 2908 519 2963 nempe
543 2891 572 2946 in
601 2891 646 2961 ef,
667 2913 729 2968 que
754 2895 875 2968 primum
901 2894 1039 2968 judicium
1061 2895 1097 2952 de

134 2970 228 3044 capite
242 2968 314 3025 aldit
334 2965 376 3022 Μ.
392 2966 514 3037 Horatii,
539 2969 681 3026 fortissimi
696 2971 767 3036 viri3
788 2972 846 3043 qui,
867 2972 993 3026 nondum
1008 2972 1097 3028 liberal

134 3049 259 3118 civitate,
280 3056 377 3102 tamen
399 3043 495 3118 populi
514 3043 639 3102 Romani
660 3048 784 3103 comitiis
804 3046 939 3100 liberatus
959 3057 1011 3114 est,
1032 3044 1097 3103 cum

133 3125 188 3184 sui
202 3142 291 3180 manu
306 3139 433 3179 acrorem
447 3121 622 3180 interfectam
637 3141 700 3180 esse
714 3123 854 3179 fateretur.
1114 3127 1151 3180 35

178 3201 226 3255 An
238 3211 282 3256 est
295 3200 454 3272 quisquam,
468 3199 516 3272 qui
536 3200 590 3256 hoc
603 3202 724 3274 ignoret,
739 3197 805 3255 oiim
826 3201 862 3255 de
876 3199 991 3257 homine
1005 3198 1100 3255 occiso

137 3286 288 3347 queratur,
309 3287 357 3332 aut
376 3277 476 3350 negari
490 3277 578 3333 solere
599 3278 718 3334 omnino
738 3295 801 3332 esse
816 3277 931 3345 factum,
952 3288 1008 3345 aut,
1022 3273 1099 3332 rectd

138 3369 176 3408 ac
187 3351 250 3424 jure
265 3351 369 3407 facturn
379 3371 451 3423 esse,
464 3353 602 3410 defendit
636 3353 702 3408 Nisi
716 3349 782 3408 verri
796 3353 972 3421 existimatis,
987 3354 1102 3408 demen-

137 3440 199 3486 tem
222 3427 253 3482 P.
268 3427 435 3484 Africanum
458 3430 554 3500 firisse,
576 3431 636 3506 qui,
656 3427 724 3485 oiim
743 3449 760 3484 a
781 3429 814 3484 C.
830 3427 970 3498 Carbone,
988 3429 1102 3486 tribuno

134 3505 241 3582 plebis,
267 3504 298 3560 in
324 3507 460 3562 concione
484 3503 618 3563 seditiose
641 3507 868 3580 interrogaretur,
895 3507 962 3581 quid
989 3506 1024 3561 de
1052 3505 1100 3560 Ti.
1117 3505 1152 3558 40

134 3581 266 3642 Gracchi
281 3592 369 3638 morte
389 3585 516 3654 sentiret,
536 3583 690 3656 respondit,
702 3581 766 3656 jure
787 3599 892 3639 cesum
906 3583 1003 3639 videri.
1044 3579 1103 3635 Nc·

132 3647 286 3736 quaedem
301 3672 394 3732 posse
414 3661 463 3718 aar
476 3661 569 3716 Anna
583 3659 630 3718 ne
651 3659 796 3729 Servilius,
811 3671 858 3716 aut
878 3659 909 3715 P.
925 3658 1040 3716 neres,
1055 3659 1103 3700 aue

134 3738 168 3796 L.
183 3733 333 3814 Opimisp,
358 3749 407 3794 aut
429 3738 464 3794 C.
480 3735 600 3804 Marius,
622 3744 680 3802 aut,
693 3751 740 3788 me
759 3735 886 3798 consule,
908 3737 1031 3783 senatus,
1045 3731 1103 3766 ¹¹0⁰

136 3816 266 3874 nefarius
280 3813 392 3883 baberi,
403 3815 429 3870 si
444 3812 596 3870 sceleratos
609 3809 686 3864 cives
702 3807 823 3864 interfici
836 3805 915 3858 nefas
927 3800 1008 3849 esset.
1048 3782 1104 3834 lm·

375 3889 428 3948 9*
