2542 4212
369 301 534 352 onsn1o1.
550 267 634 354 inb.
650 276 859 356 osmmnau.
1110 313 1150 376 ις

141 440 246 498 timesl
266 441 426 515 preclarum
447 440 513 500 rerd
534 443 637 517 populo
659 443 790 504 Romano
807 445 894 504 resera
906 447 1035 520 gratiam,
1049 446 1124 522 qni·

140 528 178 587 te,
193 518 334 574 bominem
344 531 432 592 perte
446 520 602 594 cognitum,
613 519 690 575 nulli
700 521 943 578 commendatione
951 523 1099 598 majorum,

141 604 199 648 tarn
220 591 329 650 mature
343 596 379 652 ad
392 613 535 650 summum
551 595 698 668 imperium
713 615 762 670 per
776 615 876 653 omnes
890 599 1025 656 bonorum
1039 619 1100 674 gra·

142 669 195 724 dus
207 669 316 738 extulit,
330 671 364 740 si,
375 681 486 744 propter
505 669 639 748 invidiam
654 683 702 728 aut
719 673 839 745 alicujus
852 675 970 746 periculi
983 687 1099 747 metum,

141 745 260 802 salutem
283 746 396 802 civium
413 756 525 800 tuorum
546 763 582 800 ne
602 746 675 817 ligis
715 747 783 814 Sed,
799 748 824 802 si
841 749 904 819 quis
924 760 968 804 est
988 751 1100 806 invidie
1132 753 1150 804 5

141 831 242 889 metus,
266 839 336 876 num
360 830 405 876 es't
427 820 622 874 vehementius
643 823 796 876 severitatis
812 839 846 878 ac
867 823 1040 880 fortitudinis
1061 825 1102 880 in·

141 895 227 964 vidia,
241 893 327 966 quim
349 896 457 950 inertie
473 913 507 950 ao
527 895 669 964 nequitie,
683 896 928 966 pertimescendal
962 900 1020 967 An,
1034 896 1101 956 oiim

136 969 217 1026 ¹bello
232 970 385 1024 vastabitur
398 969 488 1037 Italia,
497 968 671 1030 vexabuntur
684 970 777 1038 urbes,
791 982 865 1026 tecta
879 973 1026 1044 ardebunt,
1039 985 1100 1030 tunt

129 1051 130 1055 ’
143 1055 171 1101 tc
184 1063 242 1102 nou
255 1045 399 1100 existimas
409 1043 521 1100 invidie
535 1043 670 1100 incendio
682 1041 959 1118 conflagretumml”
1198 1109 1201 1115 ,

135 1129 138 1135 ’
179 1119 250 1176 XII.
287 1119 342 1176 His
362 1137 416 1193 ego
436 1119 621 1176 sanctissimis
642 1119 804 1192 reipublice
818 1122 945 1192 vocibus,
956 1135 985 1180 et
1004 1141 1101 1182 οοιιιιιι
1117 1129 1154 1190 10

142 1196 297 1264 hominurn,
311 1196 359 1268 qui
376 1195 455 1263 ¹idern
471 1195 608 1263 sentiunt,
629 1195 783 1265 mentibus,
802 1215 894 1270 pauca
917 1201 1100 1272 respondebo.

142 1270 213 1345 Ego,
224 1273 248 1328 si
262 1273 316 1326 hoc
330 1271 468 1345 optimum
478 1270 553 1328 lactu
565 1269 732 1344 judicarem,
748 1271 844 1328 Patres
854 1273 1024 1348 conscripti,
1036 1275 1102 1332 Cat·

142 1348 240 1404 ilinam
261 1358 350 1404 morte
368 1347 495 1413 multari;
517 1347 603 1404 unius
616 1365 729 1404 usuram
744 1348 820 1420 berre
831 1349 977 1421 gladiatori
1000 1351 1046 1408 isti
1065 1352 1101 1408 ad

142 1424 292 1480 vivendum
304 1436 370 1492 uon·
383 1423 532 1478 dedissem.
564 1421 698 1491 ¹Etenim,
713 1423 737 1478 si
750 1425 852 1480 summi
866 1425 927 1494 viri,
941 1435 970 1481 et
982 1425 1102 1490 clarissi-

143 1499 181 1554 mi
195 1501 280 1568 cives‚
295 1499 451 1567 Saturnini,
466 1509 495 1554 et
506 1498 710 1566 Gracchorum,
718 1509 753 1554 et
760 1497 872 1567 ‘Flacci
886 1511 915 1556 et
928 1501 1101 1572 superiorum
1119 1509 1152 1566 is

142 1576 329 1647 complurium
350 1568 499 1646 sanguine,
518 1591 575 1630 non
589 1570 672 1628 inodo
688 1591 718 1628 se
731 1591 788 1628 non
802 1575 1039 1644 conturnindruqt,
1053 1577 1102 1632 sed

143 1650 229 1706 etiam
252 1650 450 1715 bonesrdrunn
471 1645 548 1704 certe
570 1649 640 1704 mihi
655 1649 806 1706 verendum
820 1667 878 1706 non
892 1661 961 1718 erat,
975 1653 1102 1724 nequid,

143 1725 197 1782 hoc
211 1725 351 1799 parricida
364 1726 469 1782 civiuni
483 1723 639 1794 interfecto,
654 1725 765 1782 invidie
780 1725 850 1782 mihi
863 1726 893 1782 in
911 1727 1102 1799 posteritatem

143 1802 334 1872 redundaret..
360 1798 451 1860 Quod
474 1802 499 1856 si
520 1820 555 1856 eu
575 1801 644 1856 mini
660 1798 782 1856 maxime
797 1801 987 1873 impenderet;
1007 1797 1102 1858 ιὲιιιειι

144 1876 200 1932 boc
220 1877 315 1931 animo
334 1893 443 1947 semper
465 1875 516 1942 lui,
529 1886 561 1930 ut
584 1867 721 1928 invidiam
733 1875 834 1928 virtute
847 1875 1102 1948 partam,'glorism,
1117 1883 1153 1937 m

4 1975 5 1978 ¹
73 1993 78 1999 -
144 1969 201 2008 non
216 1951 360 2020 invidiam,
372 1961 519 2023 putarem·

77 2051 80 2054 ·
181 2026 356 2099 Quanquam
370 2025 497 2082 nonnulli
512 2025 622 2082 suntin
631 2025 684 2080 boo
693 2024 801 2094 ordine,
810 2024 857 2096 qui
867 2035 915 2082 aut
922 2044 965 2094 ea,
976 2045 1038 2099 que
1052 2029 1102 2086 im-

144 2103 261 2172 minent,
275 2121 334 2158 non
350 2101 479 2170 videant3
501 2109 549 2156 ant
571 2118 615 2170 ea,
628 2118 690 2172 qne
712 2101 817 2168 vident,
839 2101 1031 2170 dissimulent;
1051 2105 1101 2178 qui

141 2198 222 2253 spem
230 2177 360 2234 Catilinae
376 2177 506 2234 mollibus
516 2177 663 2248 sententiis
676 2176 815 2245 aluerunt,
823 2177 1101 2253 coniurationemque
1112 2240 1116 2248 ,

143 2265 317 2326 nascentem,
325 2257 382 2309 non
393 2253 543 2324 credendo,
554 2253 810 2314 corroboraverunt
851 2252 982 2312 Quorum
993 2266 1103 2312 mactor.
1116 2261 1153 2318 χ,

145 2330 241 2388 itatem
262 2331 352 2386 secuti
372 2329 461 2398 multi,
474 2347 532 2386 non
553 2325 643 2384 solum
663 2321 791 2401 improbi,
806 2326 902 2386 verbm
917 2331 1002 2386 etiam
1016 2331 1103 2406 impe-

144 2407 201 2475 riti,
214 2406 238 2460 si
261 2407 290 2462 in
312 2407 388 2462 hunc
408 2404 674 2473 animadvertissem,
689 2403 848 2484 crudeliter,
862 2416 891 2462 ct
904 2403 981 2480 regie
996 2407 1101 2464 factum

142 2499 205 2540 esse
220 2481 354 2554 dicerent.
396 2481 483 2536 Nunc
497 2479 632 2553 intelligo,
646 2480 671 2534 si
686 2481 749 2550 iste,
762 2477 817 2552 qud
832 2482 961 2552 intendit,
976 2482 1006 2537 in
1020 2481 1101 2540 Mun·
1195 2533 1199 2541 .

144 2557 219 2612 liena
239 2569 331 2614 castra
350 2557 517 2630 pervenerit,
531 2556 674 2610 nemiuem
692 2566 748 2611 tarn
771 2555 885 2611 stultum
899 2557 966 2625 lore,
981 2558 1028 2629 qui
1043 2577 1100 2614 non

144 2632 239 2686 videat
253 2632 475 2701 coniurationem
489 2649 551 2684 esse
573 2631 685 2696 factam,
698 2631 842 2684 neminem
862 2642 919 2685 tarn
933 2633 1100 2703 improbum,
1116 2648 1152 2702 m

144 2707 192 2781 qui
207 2725 266 2764 non
288 2699 416 2760 fateatur.¹
457 2701 521 2756 Hoc
538 2711 631 2756 autern
646 2719 703 2756 nno
717 2701 874 2771 interfecto,
888 2705 1014 2776 intelligo
1029 2709 1102 2761 hanc

144 2782 307 2855 reipublice
322 2790 428 2854 pestem
438 2777 581 2867 paulisper
593 2776 717 2849 reprimi,
732 2793 790 2832 non
805 2776 835 2832 in
848 2789 1012 2851 perpetuum
1027 2798 1102 2836 com·

143 2857 236 2932 primi,
250 2874 341 2931 posse.
381 2854 472 2914 Quod
492 2854 517 2908 si
538 2871 569 2910 se
583 2852 707 2925 ejecerit,
721 2859 871 2926 secumque
885 2873 951 2911 suos
963 2853 1101 2928 eduxerit,

142 2945 172 2990 et
190 2930 291 2990 eodem
311 2942 427 2988 caeteros
441 2930 566 3002 undique
584 2927 716 2984 collectos
729 2929 882 3004 naufragos
893 2933 1100 3006 aggregaverit;

143 3010 334 3082 exstinguetur
349 3019 432 3080 atque
445 3006 593 3074 delebitur,
607 3023 665 3060 non
683 3002 767 3060 modd
782 3005 843 3060 hec
856 3017 913 3063 tarn
934 3009 1029 3064 adulta
1049 3011 1101 3066 rei·
1114 3017 1150 3070 35

143 3085 262 3158 publicas
270 3085 365 3158 pestis,
376 3080 473 3138 verbm
483 3081 567 3138 etiam
578 3081 661 3154 stirps
671 3099 705 3136 ac
713 3097 811 3135 semen
820 3078 954 3150 malorum
967 3084 1099 3142 omniurn.
1109 3107 1143 3191 ss
1150 3111 1163 3152 s
1182 3103 1216 3160 ,f

182 3160 267 3218 ΧΙΙΙ.
303 3159 417 3226 Etenim
440 3158 557 3231 jamdiu,
571 3156 668 3226 Patres
686 3156 854 3230 Conscripti,
869 3157 899 3212 in
913 3158 962 3213 his
970 3159 1101 3232 periculis
1147 3165 1176 3212 ι(
1202 3163 1267 3226 ¹791,

145 3235 346 3308 conjurationis
371 3235 542 3306 insidiisque¹
559 3250 716 3288 versamur:
737 3233 797 3302 sed,
812 3233 915 3289 nescio.
931 3253 986 3307 quo
1008 3245 1100 3308 pacto,
1123 3243 1149 3314 ᾖ)
1170 3241 1224 3314 ,fi
1238 3252 1245 3262 ‘¹
1265 3233 1266 3236 ’

144 3311 270 3365 bmnium
293 3311 431 3368 scelerum
452 3328 485 3365 ac
498 3309 599 3364 veteris
617 3308 716 3364 luroris
730 3319 758 3364 et
771 3309 897 3364 audacie
906 3311 1050 3366 maturitas
1070 3312 1122 3368 in*
1140 3311 1186 3344 „a
1217 3321 1232 3344 ⁸*

145 3384 235 3441 nostri
250 3385 409 3439 consulatus
422 3397 531 3458 tempus
545 3384 645 3457 erupit.
676 3381 765 3444 Quod
780 3384 804 3438 si
817 3401 853 3438 ex
866 3395 943 3440 tanto
955 3385 1101 3444 latrocinio
1113 3395 1149 3449 4ο
1179 3436 1182 3440 .

144 3461 198 3518 iste
227 3477 301 3516 unus
328 3458 454 3524 tolletur;
475 3461 631 3516 videbimur
653 3460 769 3516 sortasse
797 3459 831 3512 nd
859 3459 940 3516 breve
962 3463 1102 3536 quoddam

144 3547 255 3611 ternpus
267 3536 337 3609 curri
352 3544 381 3591 et
401 3544 478 3590 metu
491 3551 553 3588 esse
572 3536 701 3608 relevati:
721 3533 876 3606 periculum
891 3547 985 3594 antem
999 3531 1102 3594 reside-

145 3613 195 3685 bit,
209 3614 304 3682 eterit
318 3611 461 3670 inclusum
482 3605 595 3682 penitius
608 3609 638 3664 in
652 3609 730 3666 venia
745 3620 826 3684 atque
840 3611 869 3668 in
883 3614 1037 3669 visceribus
1050 3612 1103 3668 rei·

144 3690 274 3768 publicas.
297 3689 352 3766 ,Ur
363 3707 437 3764 sepe
452 3685 584 3743 homines
593 3685 664 3761 regri
678 3686 774 3745 morbo
780 3689 868 3762 gravi,
879 3686 946 3745 curn
960 3697 1031 3762 semu
1044 3686 1103 3740 leb·

258 3765 261 3774 ,
598 3765 618 3796 q
715 3773 719 3781 .
