2516 4204
162 291 202 348 ω
417 288 564 348 ,onn'mo
585 288 654 338 PRO
670 287 809 338 ARCHIA
825 289 949 340 POETA.

212 440 335 504 cuperet,
355 440 388 486 ut
406 428 749 494 etism'Oordubenatis
776 430 877 504 poetis,
897 429 1004 504 pingue
1033 427 1145 502 quiddam

210 507 374 566 sonantibus
388 517 470 581 atque
483 507 698 582 peregrinum
762 508 876 564 n'aures
889 525 955 565 suas
968 505 1084 562 dederet.
1188 537 1189 540 =

224 605 232 612 ·
249 582 303 640 ΧΙ.
334 583 446 658 ‘Neque
460 585 537 642 euim
550 595 594 642 cst
607 580 665 640 lios
735 583 920 654 imulandum,
933 583 1008 656 quod
1020 579 1146 638 obscurari

210 677 267 716 nou
281 671 381 734 potest,
396 663 446 718 sed
458 679 515 736 prae
529 661 611 718 nobis
625 661 702 716 feren
724 679 787 716 um:
808 661 945 717 trahimur
959 677 1055 718 omnes
1074 655 1150 744 laudis¹

177 735 197 786 5
211 737 325 805 studio;
345 748 374 796 et
385 738 507 812 optimus
520 738 639 812 quisque
653 734 774 796 maxime
790 737 879 812 glorid
893 737 1013 794 ducitur.
1052 734 1106 809 Ipsi
1117 731 1150 790 illi
1224 807 1225 814 ἵ

210 813 376 895 philosophi,
391 815 477 872 etiam
499 815 554 870 illis
577 815 689 884 libellis,
702 833 771 890 quos
791 815 827 871 de
849 812 1058 870 contemnendi
1077 808 1151 886 glutit
1224 821 1225 866 ἶ

209 889 347 958 scribunt,
361 905 465 946 nomen
478 908 563 946 suum
585 891 759 946 inscribunt:
781 891 811 946 in
832 909 867 947 eo
888 891 959 964 ipso,
974 891 1003 947 in
1026 907 1079 963 quo
1097 904 1151 961 pre·

208 959 378 1019 dicationem
400 965 629 1038 nobilitatemque
650 967 820 1040 despiciunt,
842 967 993 1040 predicari
1014 967 1049 1022 de
1072 983 1108 1035 se,
1126 980 1151 1018 ac

209 1040 347 1098 nominari
362 1041 465 1098 volunt.
506 1041 643 1100 Decimus
656 1043 769 1116 quidem
795 1041 908 1113 Brutus,
923 1061 1052 1100 summus
1060 1041 1107 1098 ille
1119 1039 1150 1094 vir

156 1111 193 1164 10
208 1126 237 1172 et
247 1116 404 1192 imperator,
419 1119 501 1188 Attii,
516 1119 678 1176 amicissimi
692 1120 746 1190 sui,
760 1119 933 1176 carminibus
946 1121 1111 1196 templorum
1127 1133 1152 1202 ac

208 1205 450 1250 monumentorum
465 1195 557 1250 aditus
570 1196 715 1252 exornavit
728 1215 850 1252 suorum.
892 1195 957 1252 Jam
969 1195 1037 1254 verd
1051 1197 1104 1264 ille,
1114 1210 1153 1266 qur
1224 1209 1225 1242 l

206 1285 272 1322 cum
297 1267 408 1339 AEtolis‚
423 1269 519 1328 Ennio
539 1272 655 1342 comite,
670 1271 791 1343 bellavit,
807 1272 934 1344 FulviuS,
948 1292 1007 1330 non
1031 1268 1154 1329 dubitavit
1224 1265 1225 1280 ¹

206 1339 307 1400 Martis
327 1347 476 1402 manubias
499 1345 592 1405 Musis
616 1367 791 1418 consecrare.
832 1349 944 1420 Quare,
966 1351 997 1406 in
1019 1351 1073 1424 qud
1096 1347 1154 1404 urbc

206 1419 386 1493 imperatores
395 1421 482 1497 prope
497 1425 596 1480 armati
609 1429 758 1499 poetarum
772 1445 877 1482 nomen
897 1437 929 1483 et
949 1425 1099 1484 Musarum
1118 1423 1155 1478 de·

156 1494 190 1549 1⁵
206 1495 457 1571 lubra'coluerunt,
472 1500 502 1556 in
516 1501 551 1557 ed
565 1520 623 1558 non
636 1502 742 1558 debent
756 1503 843 1576 togati
853 1503 965 1576 judices
980 1522 998 1559 a
1018 1502 1156 1558 Musarum
1224 1533 1225 1544 κ

207 1573 313 1632 honore
326 1585 355 1632 et
368 1587 385 1632 a'
397 1580 543 1651 poetarum
558 1579 647 1634 salute
661 1579 822 1635 abhorrere.

245 1652 349 1724 Atque,
364 1663 395 1708 ut
409 1653 439 1708 id
448 1651 586 1712 libentiirs
598 1654 717 1726 fecistis,
728 1655 786 1727 jsm
799 1665 845 1708 me
859 1654 945 1722 vobis,
955 1654 1077 1726 judices,
1091 1652 1160 1710 iudi·

206 1725 277 1783 cabo
289 1745 297 1795 3
318 1739 347 1784 et
357 1730 393 1784 de
407 1748 471 1786 meo
484 1727 603 1804 quodam
618 1748 713 1803 amore
734 1729 839 1804 gloriae,
854 1727 939 1784 nimis
952 1728 1011 1784 aori
1035 1728 1159 1798 sortasse,

205 1813 390 1862 veruntamen
402 1807 528 1878 honesto,
539 1807 619 1864 vobis
630 1806 793 1863 eonfitebor.
833 1805 919 1874 Nem',
930 1817 998 1878 ques
1008 1823 1054 1860 res
1067 1821 1120 1862 nos
1133 1805 1157 1860 in

153 1878 189 1932 20
205 1881 353 1938 consulatu
367 1894 463 1940 nostro
477 1885 621 1942 vobiscum
631 1883 725 1954 simul,
737 1901 787 1957 pro
799 1883 888 1939 salute
899 1881 985 1956 hujus
994 1881 1073 1938 urbis
1084 1891 1157 1955 atquc

204 1955 324 2026 imperii,
339 1967 367 2011 et
379 1975 429 2028 pro
442 1958 499 2012 vitel
514 1960 628 2028 civium,
642 1977 748 2030 proque
761 1959 892 2014 universi
906 1959 1054 2031 republiot
1078 1957 1157 2034 'gessi-
1224 2027 1225 2038 χ

204 2047 275 2098 mus,
301 2031 393 2102 attigit
415 2031 462 2085 hic
484 2032 619 2100 versibus,
642 2043 726 2103 atque
747 2033 909 2088 inchoavit:
929 2035 1032 2106 quibus
1054 2035 1156 2103 auditis,
1224 2043 1225 2052 ’

202 2101 363 2178 quaemihi
378 2124 482 2182 magua
496 2125 541 2164 res
554 2118 583 2164 et
593 2106 721 2181 jucunda
734 2109 793 2167 visa
807 2119 859 2180 est,
874 2109 953 2166 hunc
970 2113 1006 2168 ad
1019 2113 1158 2188 perficien-

204 2183 272 2238 dum
295 2183 420 2240 hortatus
441 2203 512 2242 snm.
553 2183 669 2242 Nullam
692 2185 769 2244 enim
790 2186 877 2242 virtus
896 2186 979 2245 aliam
1003 2191 1156 2249 mercedem

152 2212 331 2317 adllatorum
353 2262 599 2336 periculorumque
620 2263 772 2334 desiderat,
792 2273 893 2339 preter
913 2265 988 2323 hano
1014 2267 1109 2344 laudis
1134 2275 1157 2322 et

204 2336 315 2409 gloriae:
336 2337 520 2410 quiquidem
534 2339 670 2408 detructd,
682 2339 804 2411 judices,
817 2342 885 2412 quid
900 2352 952 2412 est,
969 2345 1044 2415 quod
1066 2347 1097 2402 in
1110 2346 1157 2402 hoc

201 2421 259 2469 tam
273 2411 453 2486 exiguo-vite
466 2414 616 2485 curriculo,
631 2423 730 2470 ettam
745 2415 831 2484 brevi,
845 2417 931 2472 tantis
945 2435 997 2473 nos
1010 2420 1041 2474 in
1065 2420 1159 2480 labori·

202 2489 254 2544 bus
268 2491 471 2548 exerceamusl
776 2529 780 2538 ·

241 2565 338 2640 Certe,
352 2568 376 2627 si
390 2569 461 2626 nibil
477 2569 588 2628 animus
606 2569 781 2646 prasentiret
793 2571 823 2627 in
836 2580 990 2646 posterum,
1004 2582 1042 2644 et,
1057 2574 1093 2646 si,
1107 2574 1161 2649 qui·

152 2649 188 2706 30
203 2646 256 2704 bus
277 2648 440 2724 regionibus
468 2649 532 2726 vitae
560 2649 682 2726 spatium
710 2649 957 2725 circumscriptum
984 2660 1035 2722 est,
1057 2652 1160 2708 eisdem

202 2744 302 2784 omnes
314 2727 499 2800 cogitationes
512 2729 676 2783 terminaret
689 2745 769 2794 suas;
791 2746 847 2784 nec
869 2728 954 2785 tantis
967 2746 998 2784 se
1021 2727 1160 2786 laboribus

204 2803 352 2874 frangeret,
368 2819 459 2872 neque
474 2811 513 2854 tot
526 2803 602 2855 curis
621 2801 778 2872 vigiliisque
801 2814 962 2874 angeretur,
976 2823 1069 2878 neque
1083 2805 1160 2864 toties

203 2877 239 2932 de
263 2876 321 2930 vita
343 2875 405 2947 ipsd
428 2875 583 2930 dimicaret.
625 2874 712 2930 Nunc
731 2875 835 2931 insidet
855 2879 983 2948 quaedam
1005 2880 1036 2933 in
1059 2883 1161 2955 optimc

203 2969 312 3025 quoque
323 2950 419 3024 virtus,
430 2969 491 3026 quae
502 2960 600 3008 noctes
613 2961 642 3008 et
651 2950 712 3009 dies
722 2951 848 3008 animum
859 2952 954 3026 gloriae
964 2953 1086 3020 stimulis
1097 2977 1161 3016 con·

152 3034 187 3090 35
204 3029 281 3102 citat,
291 3041 374 3104 atquc
385 3031 525 3101 admonet,
537 3047 595 3086 non
605 3047 671 3086 cum
682 3027 745 3085 vite
756 3040 881 3106 tempore
892 3048 954 3088 esse
965 3029 1159 3092 dimittendum

204 3110 501 3166 commemorationem
516 3109 639 3164 nominis
651 3107 751 3178 nostri,
765 3108 816 3164 sed
829 3126 895 3164 cum
910 3107 987 3174 omni
1001 3112 1159 3182 posteritate

205 3184 414 3256 adaequandam.
711 3229 715 3234 .
1101 3227 1125 3246 ,,
1179 3195 1181 3200 “

243 3258 312 3314 XII.
354 3259 402 3315 An
416 3256 482 3316 verb
496 3270 553 3316 tam
567 3262 645 3335 parvi
659 3263 747 3320 animi
761 3263 904 3320 videamur
918 3281 981 3320 esse
993 3261 1103 3337 cinnes,
1113 3263 1157 3339 qui

205 3336 234 3394 in
256 3336 411 3412 republicis,
426 3337 552 3412 atquein
567 3338 611 3394 his
625 3340 687 3395 vitae
705 3341 838 3414 periculis
861 3340 1057 3416 laboribusque
1071 3360 1158 3400 versa·

154 3419 188 3474 tc
203 3415 276 3486 mur,
285 3426 325 3485 ut,
334 3411 507 3491 crimusque
516 3417 551 3472 ad
560 3427 716 3474 extremum
725 3418 975 3492 spatium,nullum
982 3420 1157 3495 tranquillum

204 3501 286 3565 atque
299 3494 418 3550 otiosum
431 3495 560 3568 spiritum
574 3495 745 3567 duxerimus,
759 3497 910 3555 nobiscum
924 3498 1007 3556 simul
1029 3497 1159 3555 moriture

203 3569 300 3626 omnia
327 3571 514 3628 arbitremurl
554 3573 613 3644 An,
641 3571 711 3632 cirm-
737 3585 842 3632 names
869 3586 898 3632 et
926 3576 1075 3684 iers,
1101 3589 1158 3660 non
1224 3571 1225 3600 ³

204 3645 362 3711 animorum
383 3647 542 3718 simulacra,
557 3651 608 3706 sed
631 3650 927 3725 corporumstudiose
952 3657 1033 3716 multi
1059 3665 1160 3710 summi

1036 3703 1157 3963 N
