2516 4204
314 271 449 324 ORATIO
465 273 534 324 utto
550 273 582 324 Τ.
593 275 712 329 'sunto
728 277 876 332 mnottn.
1068 289 1124 349 lul

117 412 208 502 populi
224 413 349 470 Romani
370 427 477 504 quanta
498 417 602 475 fuerint
615 419 727 494 gaudia,
738 421 873 496 judicare.
913 421 1020 482 unns
1034 437 1076 486 w

117 495 1074 652 tttt³tttf¹³dttt¹tttt‘tttdffltdffitut

117 644 249 715 laetitiam,
263 663 318 702 nec
331 655 449 702 tautam.
827 677 836 696 ·
956 678 960 687 ·

152 721 288 778 Mandate
303 723 357 778 boc
370 723 525 794 memorie,
533 724 653 798 judices.
694 727 783 802 Spero
796 729 884 798 rotdta
897 747 946 788 vos
958 732 1074 791 liberet·
1103 744 1122 796 5

115 819 166 872 que
179 810 287 856 vestros
300 799 332 855 in
347 800 490 874 republicis
505 801 579 858 bona
603 821 666 860 esse
679 805 796 862 visuros.
837 806 873 863 In
888 809 931 864 bis
952 809 1074 884 siugulis

117 877 155 932 ita
174 895 286 949 semper
306 875 511 948 existimabitis,
531 878 593 935 vivo
613 879 645 936 P.
674 880 786 952 Clodio,
807 883 878 940 nibil
906 901 1003 942 eoram
1024 903 1073 944 vos

117 955 224 1010 visuros
243 952 337 1008 fuisse.
378 951 414 1009 In
427 971 505 1028 spem
526 956 687 1027 maximam,
702 968 731 1014 et
744 956 992 1032 (quemadmodum
1005 981 1072 1020 con·

118 1029 187 1106 fido)
210 1029 392 1100 verissimam,
414 1031 529 1087 adducti
551 1050 658 1103 sumus,
674 1034 752 1090 bunc
773 1035 865 1108 ipsum
887 1055 1004 1108 aunum,
1018 1039 1073 1096 boe

117 1106 176 1181 ipso
204 1125 315 1162 summo
343 1107 402 1163 viro
430 1107 555 1178 consule,
576 1109 737 1183 compressi
769 1111 915 1168 bominum
944 1113 1071 1187 licentii,
1086 1124 1121 1178 lo

114 1183 314 1258 cupiditatibus
328 1183 433 1254 fractis,
445 1185 556 1258 legibus
568 1195 598 1242 et
608 1185 725 1259 judiciis
738 1187 907 1260 constitutis,
921 1189 1071 1248 edutumm

113 1261 218 1317 civitati
239 1261 309 1318 fore.
358 1259 438 1316 Num
457 1261 522 1334 quis
542 1261 628 1336 igitur
647 1272 690 1319 est
709 1273 767 1319 tum
787 1264 917 1334 demens,
936 1267 985 1340 qui
1006 1267 1069 1340 hoc,

115 1337 146 1392 P.
166 1338 268 1395 Clodio
288 1338 360 1408 vivo,
381 1338 546 1412 contingere
569 1339 692 1412 potuisse
716 1339 884 1398 arbitretur?
904 1342 1005 1402 Quidt
1025 1363 1069 1420 ea,

112 1433 174 1488 quae
188 1414 302 1484 tenetis,
312 1416 419 1488 privata
432 1425 513 1487 atque
531 1425 631 1485 vestre,
646 1415 809 1472 dominante
822 1417 935 1474 homine
956 1419 1069 1492 fitrioso,

114 1493 188 1564 quod
200 1491 246 1564 jus
258 1501 400 1564 perpetuae
413 1491 594 1564 possessionis
607 1493 712 1548 bebere
725 1493 902 1566 potuissent
1086 1503 1120 1557 15

154 1566 270 1623 XXIX.
319 1566 387 1623 Non
421 1567 516 1638 timeo,
537 1569 658 1643 jtidices,
686 1587 732 1640 ne,
759 1569 825 1626 odio
858 1569 1070 1630 inimicitiarum

16 1701 18 1710 ,
112 1663 240 1701 mearum
255 1642 599 1714 inflammatus‚iibentiirs
613 1647 675 1702 baeo
690 1645 720 1702 in
734 1645 813 1702 illum
826 1665 955 1704 evomere
965 1647 1069 1723 videar,

16 1717 19 1736 ”’
110 1720 197 1795 quim
211 1719 312 1778 veritis.
353 1721 478 1792 Etenim,
488 1723 542 1778 etsi
554 1723 803 1798 precipuumesse
816 1723 953 1792 debebat3
973 1735 1069 1784 tamen

16 1869 17 1872 Ἴ
113 1799 156 1854 ita
176 1799 335 1854 communis
355 1809 416 1854 erat
438 1799 565 1854 omnium
579 1799 625 1856 ille
639 1798 738 1869 bostis,
751 1810 783 1856 ut
797 1800 827 1855 in
841 1801 984 1858 communi
1004 1802 1070 1858 odio

111 1871 190 1950 pene
205 1874 347 1948 aequaliter
370 1884 527 1930 versaretur
547 1875 643 1932 odium
663 1895 769 1932 meum.
810 1875 877 1932 Non
899 1887 991 1951 potest
1011 1877 1070 1934 dici
1082 1881 1119 1936 Μ

109 1953 191 2022 satis,
205 1971 242 2008 ne
255 1951 373 2026 cogitari
394 1951 515 2024 quidem,
530 1963 663 2026 quantum
678 1954 708 2008 in
722 1953 771 2009 illo
792 1952 917 2024 sceleris,
931 1963 1069 2028 quentum

108 2030 200 2100 exitii,
216 2029 308 2086 fiterit.
349 2027 431 2088 Quin
445 2029 488 2084 sic
501 2031 647 2098 attendite,
658 2029 778 2103 judices.
818 2029 930 2104 Nempe
945 2031 1006 2090 heo
1025 2042 1070 2089 est

108 2107 230 2180 quaestio
244 2107 280 2162 de
294 2105 410 2162 interitu
424 2105 455 2161 P.
471 2105 574 2162 Clodii.
615 2105 729 2180 Fingite
743 2107 862 2162 animis:
882 2107 976 2164 liberte
989 2107 1068 2164 euim

107 2195 178 2241 sunt
190 2183 374 2258 cogitationes
389 2191 502 2252 nostre,
517 2193 555 2250 et,
569 2199 631 2254 quve
647 2181 750 2253 volunt,
765 2183 807 2238 sic
820 2183 975 2251 intuentur,
988 2193 1021 2238 ut
1033 2201 1069 2238 ea

107 2261 266 2329 cernimus,
285 2277 347 2330 quae
368 2257 503 2313 videmus.
544 2257 658 2332 Fingite
679 2260 763 2333 igitur
784 2258 952 2333 cogitatione
972 2257 1069 2332 imegi·
1081 2260 1118 2316 25

106 2356 180 2395 nem
196 2335 278 2410 hujus
292 2334 462 2390 conditionis
475 2352 557 2404 mem,
569 2334 593 2390 si
614 2335 720 2410 possim
741 2336 864 2407 efficere,
877 2345 909 2392 ut
932 2334 1068 2394 Milonem

105 2413 271 2483 absolvatis,
299 2412 349 2468 sed
378 2412 426 2483 ita,
447 2412 472 2467 si
504 2411 533 2467 P.
555 2411 675 2472 Clodius
702 2412 841 2469 reviserit.
887 2412 968 2472 Quid
988 2412 1066 2470 vultu

106 2491 298 2548 extimuistis?
318 2507 441 2561 quonam
454 2489 537 2544 modo
550 2489 597 2546 ille
611 2507 659 2544 vos
673 2489 752 2546 vivus
766 2489 898 2559 afficeret,
912 2507 981 2562 quos
994 2507 1067 2546 mor·

105 2580 178 2625 tuus
191 2565 271 2620 inani
283 2565 454 2637 cogitatione
473 2565 629 2636 percussiti
668 2564 769 2624 Quid?
790 2566 814 2622 ei
836 2565 895 2639 ipse
916 2565 969 2620 Cn.
985 2565 1067 2620 Pom·

104 2644 203 2720 peius,
216 2641 266 2714 qui
280 2641 316 2695 eti
330 2640 431 2693 virtute
452 2657 487 2694 ac
508 2639 618 2694 fortuni
641 2651 693 2708 est,
708 2652 739 2696 ut
759 2661 794 2698 ea
813 2641 933 2715 potuerit
945 2655 1065 2712 semper,
1081 2644 1117 2698 w

104 2741 174 2796 quae
196 2736 284 2774 nemo
304 2726 405 2790 praeter
427 2714 520 2782 illum;
541 2714 565 2770 si
586 2715 753 2789 is,inquem‚
767 2717 913 2792 potuisset,
927 2725 959 2772 ut
978 2731 1067 2788 quaes·

104 2799 219 2855 tionem
230 2795 267 2850 de
280 2803 368 2850 morte
382 2792 413 2848 P.
435 2791 526 2848 Clodii
548 2792 629 2862 ferre,
643 2794 684 2850 sic
704 2793 796 2868 ipsum
818 2795 853 2850 ab
873 2792 971 2850 inseris
990 2789 1066 2848 exei-

104 2887 186 2942 tare;
208 2882 301 2928 unum
317 2869 420 2944 putatis
430 2866 522 2943 potiris
534 2869 670 2925 facturum
682 2870 788 2926 fuisset
808 2870 901 2926 Etiam
912 2870 945 2941 si,
956 2879 1067 2944 propter

103 2951 273 3020 amicitiam,
288 2947 420 3004 voluisset
433 2945 510 3002 illum
532 2947 568 3003 ab
589 2945 687 3002 inferis
708 2965 847 3015 revocare,
861 2957 973 3018 propter
994 2965 1066 3002 rern-

101 3029 249 3104 publicam
268 3044 326 3082 non
338 3023 473 3079 decisset.
514 3021 583 3096 Ejus
604 3023 689 3097 igitur
711 3022 809 3078 mortis
829 3019 932 3076 sedetis
953 3020 1066 3090 ultores,
1080 3024 1116 3078 ³5

102 3105 187 3179 eujus
201 3106 287 3160 vitum
301 3101 326 3158 si
347 3098 452 3174 putetis
472 3117 522 3172 per
543 3117 591 3154 vos
611 3099 720 3155 restitui
742 3115 835 3170 posse,
850 3095 961 3152 nolitis:
981 3103 1011 3149 et
1031 3095 1067 3150 de

101 3182 169 3254 ejus
193 3199 265 3236 nece
287 3180 344 3235 lata
364 3175 482 3250 questio
504 3185 556 3245 est,
578 3176 626 3248 qui
648 3175 673 3230 si
695 3174 796 3230 eidem
816 3173 880 3247 lege
901 3170 1067 3228 reviviscere

101 3266 212 3333 posset,
224 3255 338 3310 lataiex
351 3270 495 3326 uunquam
508 3262 591 3308 esset.
633 3251 727 3323 Hujus
748 3268 817 3322 ergo
836 3249 997 3305 interfector
1017 3245 1066 3322 qui

16 3369 17 3376 κ
100 3341 194 3401 esset,
208 3331 239 3385 in
252 3329 412 3386 coufitendo
426 3330 462 3384 ab
475 3329 547 3384 iisne
569 3345 682 3402 poenem
703 3326 825 3392 timeret,
838 3342 907 3396 quos
927 3323 1067 3380 liberavis-

99 3410 171 3467 set?
192 3405 289 3462 Graeci
303 3404 430 3460 homines
443 3404 568 3461 Deorum
583 3405 703 3467 honores
725 3401 853 3456 tribuunt
873 3399 908 3454 iis
931 3398 997 3454 viris
1017 3400 1066 3472 qui
1080 3402 1116 3456 40

98 3499 243 3562 tyrannos
255 3491 431 3538 necaverunt
469 3480 545 3540 Qun
559 3499 612 3554 ego
626 3477 683 3532 vidi
705 3475 828 3531 Athenis
837 3476 847 3530 Ι.
864 3493 926 3548 que
950 3473 1012 3532 aliis
1036 3477 1067 3532 in

100 3563 226 3620 urbibus
247 3557 385 3613 Graeciae!
406 3575 475 3630 ques
503 3575 548 3612 res
569 3554 680 3610 divinas
698 3551 801 3607 talibus
821 3551 961 3610 institutas
980 3551 1064 3608 viris!

100 3659 172 3712 qnos
187 3634 308 3694 cantus!
329 3651 389 3707 quae
404 3632 547 3690 carmine!
568 3625 656 3704 prope
671 3629 706 3683 ad
720 3627 934 3706 immortalitatis
955 3638 985 3684 et
1004 3625 1067 3680 reli-

102 3717 220 3790 gionem
231 3724 261 3771 et
270 3711 437 3768 memoriam
447 3715 657 3765 consecrantur.
691 3703 752 3762 Vos
762 3705 832 3760 tenti
842 3708 1067 3760 conservatorem

344 3787 380 3843 ll
