2516 4204
145 323 202 386 nt
389 319 524 368 omaro
540 317 610 366 rao
626 317 658 366 r.
674 313 788 366 numo
804 313 953 365 arraona.

193 473 271 522 tum:
291 461 421 518 omnium
433 459 567 526 ordinum
579 475 722 516 consensu
732 473 782 531 pro
796 456 885 513 salute
896 454 1060 530 reipublice
1070 465 1147 530 gesta

192 538 365 598 resciderat:
383 537 530 611 mepatrid
540 535 700 610 expulerat3
718 533 969 607 bonadiripuerat;
986 533 1148 590 domumin·

193 615 345 682 cenderat;
365 615 478 684 liberos,
488 612 639 687 conjugem
651 629 752 680 meam,
763 619 924 666 vexaverat:
946 609 1000 664 On.
1017 609 1146 684 Pompeio

194 692 335 749 nefarium
345 691 450 746 bellum
461 689 601 746 indixerat
612 708 619 744 :
640 687 854 762 magistratuum
865 687 1088 761 privatorumque
1098 705 1148 742 ce·

161 770 247 830 ades
260 769 385 826 fecerat:
406 767 523 824 domum
536 766 591 822 mei
611 765 703 821 fratris
723 765 905 820 intenderat:
926 763 1048 819 vastarat
1067 763 1148 820 Etru·

195 846 283 902 riam:
303 844 407 900 multos
420 844 534 898 sedibus
555 861 589 898 ac
610 841 730 898 fortunis
750 841 880 914 ejecerat.
921 839 1057 910 Instabat,
1069 858 1149 914 urge·

195 921 258 976 bat:
279 937 380 992 capere
393 918 454 991 ejus
476 918 627 973 amentiam
649 918 757 987 civitas,
772 917 864 988 ltalia,
878 917 1042 992 provinciae,
1056 935 1146 992 regna,
1243 959 1244 976 r

194 1013 252 1052 non
272 1004 430 1068 poterant.¹
452 993 655 1050 Incidebantur
671 993 730 1066 jam
751 993 828 1048 dorni
841 993 929 1068 leges,
942 1011 1005 1067 quae
1024 1013 1078 1052 nos
1091 1013 1148 1050 nos-
1243 993 1244 1036 3

195 1071 246 1128 tris
269 1071 356 1128 servis
377 1070 556 1126 addicerent:
576 1069 648 1125 nihil
668 1079 728 1125 erat
748 1069 924 1144 cujusquam,
945 1071 1021 1144 quod
1040 1072 1147 1145 quidem
1243 1073 1244 1108 ³

147 1155 182 1208 lo
196 1148 243 1204 ille
256 1147 424 1216 adamasset,
438 1147 512 1218 quod
527 1165 584 1202 non
599 1148 654 1202 boc
674 1163 751 1202 anno
764 1163 849 1202 suum
863 1147 922 1204 sore
935 1157 1055 1222 putaret.
1073 1167 1078 1176 ·
1095 1147 1150 1202 Ob-
1243 1157 1244 1194 l

195 1225 287 1280 stabat
307 1224 369 1296 ejus
390 1221 609 1296 cogitationibus
629 1240 725 1292 nemo,
746 1233 847 1295 praeter
868 1222 1015 1280 Milonem.
1056 1224 1149 1299 ipsum

194 1299 284 1368 illum,
297 1299 345 1371 qui
365 1307 474 1371 poterat
486 1297 607 1368 obstare,
621 1314 695 1354 novo
708 1299 801 1354 reditu
816 1299 846 1355 in
867 1300 988 1373 gratiam
1005 1302 1085 1376 quasi
1107 1302 1152 1356 de·

194 1375 322 1430 tinctum
336 1373 536 1430 arbitrabatur:
558 1373 680 1430 Caesaris
692 1375 848 1448 potentiam
859 1395 938 1432 suant
950 1395 1013 1435 esse
1024 1379 1151 1434 dicebat:

195 1451 333 1510 bonorum
344 1451 453 1508 animos
461 1451 547 1507 etiam
556 1451 588 1508 in
598 1469 663 1510 meo
673 1469 742 1508 casu
753 1463 975 1529 contempserat:
998 1453 1070 1512 Milo
1080 1473 1153 1511 unus

148 1533 183 1586 15
197 1547 230 1588 ur
249 1531 323 1588 ebat.

230 1549 383 1663 btxxffl.
424 1607 484 1666 Hic
503 1607 551 1664 Dii
572 1608 745 1666 immortales
766 1607 811 1684 (ut
831 1607 915 1681 suprd
935 1608 1007 1684 dixi)
1028 1619 1154 1666 mentem

197 1684 337 1739 dederunt
360 1684 400 1740 illi
423 1686 533 1758 perdito
556 1703 591 1738 ac
614 1685 729 1754 furioso,
752 1694 783 1738 ut
806 1684 873 1738 huic
896 1684 1000 1738 faceret
1023 1685 1156 1742 insidias.

197 1759 289 1816 Aliter
302 1760 394 1834 perire
413 1761 500 1834 pestis
514 1759 561 1816 illa
574 1779 633 1816 non
652 1760 758 1833 potuit:
779 1775 923 1832 nunquam
943 1759 1023 1814 illum
1036 1763 1156 1834 respub·

197 1835 255 1892 lica
274 1853 327 1893 suo
349 1837 412 1912 jure
433 1848 508 1894 esset
532 1837 600 1893 ulta.
641 1837 763 1893 Senatus
784 1833 895 1911 (credo)
917 1845 1066 1910 pretorem
1083 1845 1154 1893 'enm

147 1914 183 1970 20
199 1914 476 1986 circumscripsisset.
516 1913 572 1983 Ne,
594 1911 660 1969 cbm
681 1910 788 1970 solebat
807 1913 920 1986 quidem
944 1912 973 1968 id
1001 1913 1104 1984 facere,
1125 1915 1153 1969 in

197 1989 304 2060 privato
318 1989 418 2042 eodem
432 1989 496 2055 hoc,
511 1989 616 2058 aliquid
630 1989 793 2058 profecerat.
834 1990 883 2042 An
897 1987 1030 2044 consules
1044 1988 1074 2044 in
1087 2007 1154 2062 prae·

197 2072 257 2116 tore
284 2061 445 2116 coercendo
469 2061 555 2116 fortes
583 2062 722 2117 fuissent?
762 2061 899 2132 Primum,
920 2061 1031 2120 Milone
1049 2066 1151 2133 occiso,

196 2135 342 2192 habuisset
355 2155 420 2193 suos
434 2135 574 2192 consules.
616 2135 738 2207 Deinde,
752 2137 815 2210 quis
828 2137 858 2193 in
877 2157 912 2194 eo
924 2150 1044 2212 praetore
1058 2140 1152 2198 consul

197 2213 276 2272 fortis
291 2225 375 2284 esset,
387 2233 437 2288 per
450 2231 534 2287 quern
546 2213 703 2283 tribunum,
716 2215 807 2270 virum
827 2215 1004 2272 consularem
1023 2218 1154 2272 crudelis

147 2293 184 2348 25
198 2289 270 2346 sime
287 2303 415 2346 vexatum
429 2309 491 2348 esse
505 2290 701 2346 meminissetl
740 2290 935 2364 Oppressisset
951 2294 1055 2363 omnia,
1069 2293 1154 2366 possi·

198 2367 288 2432 deret,
298 2376 416 2432 teneret,
426 2366 489 2436 lege
500 2365 583 2432 noval,
594 2383 655 2434 quae
667 2369 710 2418 est
720 2367 834 2419 inventa
847 2367 921 2437 apud
934 2385 1000 2422 eum
1015 2387 1081 2424 cum
1094 2369 1155 2425 reli·

197 2441 260 2512 quis
273 2439 384 2512 legibus
398 2438 563 2494 Clodianis:
584 2455 677 2492 servos
696 2449 807 2494 nostros
820 2439 935 2494 libertos
955 2460 1020 2496 suos
1034 2445 1154 2501 fecisset.

197 2513 354 2586 Postremo,
367 2515 423 2572 nisi
436 2533 501 2570 enm
517 2512 567 2570 Dii
581 2513 750 2570 immortales
771 2514 801 2570 in
816 2531 879 2570 eam
891 2525 1016 2572 mentem
1030 2517 1157 2593 impulis-

199 2603 273 2664 sent,
300 2603 332 2650 ut
358 2594 443 2650 homo
469 2591 656 2648 effoeminatus
683 2591 864 2648 fortissimum
890 2592 982 2648 virum
1008 2607 1158 2652 conmetur

149 2677 186 2732 30
199 2671 339 2742 occidere,
353 2671 438 2728 bodie
451 2669 654 2744 rempublicam
668 2669 773 2726 nullam
788 2669 936 2726 haberetis.

120 2747 129 2761 ’
239 2749 288 2816 An
303 2749 349 2804 ille
364 2759 474 2821 pretor,
487 2747 534 2802 ille
548 2743 614 2800 verb
628 2747 736 2814 consul,
748 2746 772 2802 si
787 2743 871 2803 modb
884 2747 946 2802 hacc
960 2746 1061 2821 templa
1073 2756 1161 2820 atque

200 2824 263 2898 ipsa
275 2825 382 2879 moenia
395 2833 469 2876 stare
482 2839 517 2875 eo
531 2821 593 2873 vivo
606 2821 726 2887 tamdiu,
736 2830 764 2874 et
778 2821 955 2876 consulatum
969 2823 1029 2895 ejus
1042 2841 1161 2898 exspec-

199 2909 259 2952 tare
279 2895 447 2966 potuissent,
467 2893 514 2947 ille
535 2893 657 2964 denique
677 2893 766 2961 rivus,
787 2895 852 2950 mali
873 2895 944 2950 nihil
965 2898 1089 2971 fecisset,
1110 2899 1158 2974 qui

200 2980 338 3040 mortuus,
353 2987 412 3026 uno
432 2987 467 3024 ea
487 2967 545 3024 suis
565 2967 730 3024 satellitibus
752 2969 817 3024 Sex.
832 2969 932 3027 Clodio
952 2973 1035 3044 duce,
1049 2977 1160 3032 curiam

151 3059 187 3113 35
201 3047 380 3105 incenderitl
419 3045 488 3106 Quo
508 3045 575 3118 quid
595 3044 734 3114 miserius,
748 3045 816 3118 quid
830 3047 968 3117 acerbius,
982 3051 1050 3120 quid
1068 3053 1164 3109 luctu·

201 3125 288 3193 osius,
302 3122 442 3178 vidimusl
483 3119 634 3192 Templum
648 3121 813 3191 sanctitatis,
828 3122 1029 3194 amplitudinis,
1043 3131 1162 3198 mentis,

203 3198 312 3259 consilii
323 3195 440 3268 publici,
449 3205 533 3266 caput
545 3193 659 3270 [urbis]
671 3214 747 3251 aram
755 3197 1163 3271 sociornm,portumomnium

202 3272 341 3350 gentium,
355 3270 451 3327 sedem
466 3270 501 3326 ab
515 3270 644 3326 universo
656 3271 762 3344 populo
776 3272 907 3330 Romano
928 3275 1096 3335 concessam
1109 3280 1163 3336 uni

202 3348 306 3420 ordini,
321 3347 498 3418 inflammari,
511 3345 650 3418 exscindi,
664 3346 816 3406 funestari!
837 3369 930 3425 neque
944 3352 973 3408 id
987 3352 1047 3410 fieri
1061 3374 1078 3410 a
1091 3357 1166 3412 mul·

154 3435 190 3490 40
204 3427 325 3486 titudine
346 3423 476 3502 imperitia
493 3423 665 3501 (quanquam
685 3436 758 3482 esset
773 3428 907 3484 miserum
927 3429 957 3486 id
976 3429 1096 3509 ipsum),
1110 3432 1166 3488 sed

206 3505 242 3562 ab
254 3523 327 3572 uno;
348 3504 405 3577 qui,
420 3501 486 3560 crim
507 3511 618 3560 tantum
639 3521 724 3560 ausus
744 3505 782 3562 sit
801 3515 879 3562 ustor
899 3523 949 3579 pro
961 3518 1078 3577 mortuo,
1091 3508 1167 3582 quid

207 3581 323 3656 signifer
336 3599 386 3653 pro
408 3580 469 3638 vivo
487 3598 545 3636 non
558 3589 633 3636 esset
654 3581 759 3637 aususl
799 3579 835 3636 In
855 3583 963 3638 curiam
983 3580 1169 3656 potissimam

208 3657 321 3734 abjecit,
335 3665 366 3710 ut
379 3673 443 3712 earn
456 3667 581 3716 mortuus
594 3657 770 3728 incenderet,
783 3675 867 3735 quam
880 3657 959 3718 vivus
977 3670 1125 3722 everterat.

336 3859 355 3892 a*
379 3847 384 3870 ³
