2516 4204
347 281 481 333 ORATIO
498 281 567 334 ino
583 283 720 335 Ancum
737 283 867 338 POETA.
1091 295 1130 351 97

121 431 213 482 amur.
254 421 290 478 In
305 423 407 480 coelum
428 424 512 498 hujus
533 443 652 500 proavus
665 427 736 484 Cato
748 428 871 485 tollitur:
891 445 1012 504 magnus
1034 429 1082 488 bo·

123 519 174 576 uos
195 500 290 574 populi
305 500 428 556 Romani
449 503 535 558 rebus
556 503 726 577 adjungitur.
767 504 877 562 Omnes
897 505 1019 580 denique
1039 506 1079 562 illi

123 575 253 647 Maximi,
273 576 412 647 Marcelli,
434 577 538 649 Fulvii,
559 597 618 635 uon
638 580 701 636 siue
719 581 862 638 communi
875 582 1002 640 omnium
1015 601 1079 640 noa·

125 654 198 711 triam
210 654 294 710 laude
308 655 487 710 decorantur.

159 733 197 788 X.
233 731 310 805 Ergo
324 731 413 800 illum,
426 731 474 803 qui
495 731 558 786 hnc
572 732 689 804 fecerat,
702 733 832 790 Rudium
856 733 1009 806 bominem,
1022 751 1080 792 ma·
1112 734 1131 786 ⁵

122 810 194 884 iores
204 809 292 866 nostri
304 809 334 863 in
345 808 484 863 civitatem
494 820 678 882 receperunt;
699 828 753 867 nos
761 810 838 866 bunc
848 809 1081 883 Heracleensem,

125 886 219 942 multis
243 884 402 940 civitatibus
422 885 584 958 expetitum,
598 885 628 940 in
652 886 706 942 hac
729 897 823 942 autem
846 886 956 962 legibus
977 887 1081 946 cousti-
1145 933 1150 948 .

81 974 83 978 ’
127 973 229 1031 tutum,
243 961 279 1016 de
293 960 388 1017 nostri
398 961 510 1017 civitate
519 961 687 1034 ejiciemusl
1138 959 1147 1034 l,

166 1037 250 1106 Nam,
262 1037 285 1092 si
300 1037 362 1110 quis
374 1038 512 1094 minorem
521 1037 618 1111 gloriae
628 1038 750 1094 fructum
763 1050 889 1113 putates
902 1040 1012 1096 Grecis
1022 1059 1082 1098 ver·

128 1115 205 1171 sibus
217 1114 335 1188 percipi,
346 1111 432 1187 quim
445 1132 481 1169 ex
494 1113 612 1184 Latinis,
633 1115 813 1171 vehementer
827 1127 915 1183 errat3
936 1126 1082 1191 propterea
1096 1116 1131 1170 10

124 1189 198 1265 qudd
212 1192 314 1247 Graeca
328 1192 461 1266 leguntur
475 1191 504 1246 in
518 1191 651 1246 omnibus
664 1188 729 1246 lerd'
744 1193 886 1265 gentibus,
898 1191 1001 1250 Latina
1021 1193 1082 1250 suis

124 1268 237 1339 finibus,
251 1268 363 1342 exiguis
381 1263 464 1346 send,
475 1267 663 1324 continentur.
703 1266 813 1339 Quare,
827 1269 851 1324 si
871 1287 917 1324 res
938 1269 991 1340 bre,
1011 1287 1081 1344 quas

124 1345 272 1420 gessimus,
295 1345 371 1401 orbis
392 1355 473 1400 terrm
501 1343 665 1418 regionibus
687 1343 875 1412 definiuntur;
902 1363 1007 1419 cuperc
1033 1345 1081 1403 de·

125 1423 234 1492 beutm,
248 1419 305 1495 qud
317 1437 454 1476 manuum
466 1431 624 1477 nostrerum
638 1419 694 1475 tela
706 1421 893 1492 pervenerint,
906 1417 1010 1476 eddom
1023 1421 1082 1496 glo·

126 1499 197 1554 riam
206 1499 366 1569 imamque
376 1507 521 1570 penetrare
530 1481 626 1568 (quod
635 1492 702 1552 clun
712 1495 779 1568 ipsis
789 1495 907 1568 populis,
917 1497 954 1552 de
964 1514 1081 1570 quorum
1097 1495 1131 1548 15

126 1575 212 1630 rebus
226 1573 367 1642 scribitur,
382 1574 443 1634 haec
458 1572 548 1645 ampla
561 1583 642 1639 sunt;
662 1581 724 1628 tum
746 1571 782 1628 iis
795 1569 883 1640 certe,
896 1572 945 1644 qui
964 1573 1000 1628 de
1014 1572 1082 1645 vill,

124 1651 222 1726 gloriae
237 1649 334 1720 causi,
348 1648 493 1719 dimicant,
508 1649 561 1704 hoc
575 1649 729 1704 maximum
751 1658 780 1704 et
802 1647 991 1723 periculorum
1011 1649 1082 1708 inci·

124 1739 281 1784 tarneutum
295 1737 347 1797 est,
361 1737 390 1784 et
399 1725 535 1782 laborum.
1120 1727 1136 1810 ι’

164 1801 264 1863 Quem
277 1804 379 1858 multos
391 1803 541 1874 scriptores
553 1821 646 1858 rerum
660 1821 775 1859 ruarurn
796 1821 917 1878 magnus
937 1804 984 1860 ille
998 1806 1083 1862 Alex-

126 1881 217 1936 ander
231 1897 330 1934 secum
350 1879 481 1933 babuisse
495 1877 613 1934 dicitur!
635 1881 728 1954 Atque
744 1880 768 1935 is
780 1891 885 1951 tamen,
907 1877 974 1936 clun
988 1881 1017 1937 in
1039 1881 1083 1938 Si·
1095 1883 1132 1938 2⁰

121 1976 177 2032 geo
197 1956 234 2012 ad
249 1954 372 2011 Achillis
386 1954 523 2011 tumulum
539 1955 700 2026 adstitisset,
722 1961 739 1987 “
749 1956 777 2012 Ο
791 1957 958 2028 fortunatc,”
981 1957 1082 2032 inquit,

122 2039 140 2066 “
153 2033 328 2103 adolescens,
348 2032 395 2106 qui
423 2043 479 2088 tuae
509 2032 618 2089 virtutis
649 2034 808 2090 Homerum
827 2051 985 2108 praeconem
1006 2035 1083 2092 inve·

121 2112 198 2168 neris
207 2112 233 2166 l’'
275 2109 313 2172 Et
327 2107 408 2166 verb:
430 2127 508 2180 nam,
522 2110 579 2166 nisi
593 2109 662 2166 Ilias
684 2111 731 2166 illa
755 2111 922 2178 exstitissem
944 2111 1019 2167 idem
1040 2123 1083 2168 tu·

121 2189 225 2258 mulus,
238 2187 288 2260 qui
313 2205 414 2260 corpus
428 2187 490 2258 ejus
512 2197 686 2257 contexerat,
700 2205 805 2243 nornen
826 2188 913 2243 etiarn
935 2187 1081 2243 obruisset.

121 2266 206 2325 Quid
216 2267 239 2319 l.
249 2273 344 2319 noster
358 2263 406 2318 hic
421 2261 555 2336 Magnus,
571 2263 619 2336 qui
638 2281 704 2318 cum
726 2265 826 2320 virtute
848 2263 986 2320 somonam
1011 2262 1084 2319 adm·
1096 2264 1133 2318 25

120 2341 228 2416 quavis,
242 2359 338 2397 nonne
351 2338 557 2414 Theophanem
581 2339 788 2414 Mitylenaeum,
803 2341 965 2416 scriptorem
988 2357 1083 2397 rerum

119 2438 248 2488 suerum,
264 2419 295 2475 in
309 2418 448 2474 concione
462 2416 593 2487 militum,
607 2418 720 2476 ciuitate
734 2418 869 2475 donavitl
889 2429 918 2474 et
932 2418 1019 2474 nostri
1042 2417 1081 2474 illi

119 2497 207 2552 sortes
219 2497 283 2566 viri,
297 2497 348 2552 sed
361 2495 460 2550 rustici
482 2513 516 2550 ac
539 2495 653 2565 milites,
668 2495 820 2551 dulcedine
842 2495 965 2568 quddam
987 2495 1082 2570 glorie

119 2573 270 2640 commoti,
284 2572 364 2642 quasi
384 2571 536 2643 participes
559 2570 687 2643 ejusdcm
708 2571 808 2642 laudis,
823 2589 926 2644 magno
939 2571 1008 2626 illud
1028 2572 1084 2628 cla-

120 2667 203 2706 more
218 2646 464 2722 approbaveruntl
1097 2657 1133 2710 30

161 2725 274 2798 Itaque,
287 2720 399 2798 (credo)
410 2721 435 2776 si
446 2721 516 2776 civis
527 2720 673 2779 Romanus
683 2725 804 2783 Archias
813 2725 923 2801 legibus
932 2741 990 2782 non
1000 2733 1083 2795 esset,

119 2813 154 2858 ut
169 2803 206 2858 ab
220 2802 315 2874 aliquo
328 2800 496 2874 imperatore
509 2799 621 2856 civitate
635 2802 795 2874 donaretur,
809 2803 945 2877 perficere
958 2819 1016 2857 nou
1036 2818 1084 2876 po-

118 2881 200 2937 tuit„
227 2877 316 2948 Sulla,
331 2895 397 2932 cum
412 2876 555 2951 Hispanos
581 2888 609 2934 et
622 2878 719 2936 Gallos
740 2881 867 2950 donaret,
880 2877 991 2955 (credo)
1007 2879 1084 2935 hunc
1133 2901 1138 2908 ·

116 2967 264 3033 petentem
278 2954 474 3029 repuditsset:
496 2973 579 3028 quem
593 2973 646 3012 nos
668 2956 698 3012 in
709 2955 849 3012 concione
871 2957 1001 3024 vidimus,
1016 2953 1083 3012 cdm

116 3036 144 3092 ei
155 3034 284 3092 libellum
299 3032 390 3088 malus
403 3033 487 3105 polita
500 3033 535 3088 de
549 3033 653 3106 populo
667 3031 844 3113 subjecisset,
858 3027 933 3104 quod
947 3030 1084 3103 epigram·
1098 3043 1133 3098 35

115 3131 165 3168 rna
175 3113 205 3169 iri
220 3130 287 3168 curn
301 3110 617 3167 secissettantummodo
626 3109 742 3166 alternis
751 3108 877 3164 versibus
887 3105 1083 3181 longiusculis,

115 3190 214 3244 statim
228 3207 264 3244 ex
276 3188 312 3244 iis
325 3187 420 3257 rebus,
434 3206 503 3262 quas
517 3197 587 3243 tunc
608 3186 759 3256 vendebat,
768 3184 867 3258 jubere
889 3185 916 3240 ei
937 3182 1083 3258 praemium

116 3263 218 3332 tribui,
240 3265 292 3318 sub
305 3265 340 3319 eit
363 3265 536 3334 conditione,
558 3263 685 3336 nequid
709 3273 807 3336 postea
830 3261 972 3316 scriberet.
1020 3259 1083 3322 Qui

115 3339 302 3397 sedulitatem
312 3341 377 3395 mali
390 3341 480 3414 pobt'ae
494 3341 607 3396 duxerit
618 3340 711 3413 aliquo
721 3349 816 3394 tamen
826 3337 942 3412 praemio
955 3337 1082 3412 dignam,

115 3417 207 3492 hujus
221 3417 370 3492 ingenium
384 3429 412 3474 et
426 3419 557 3476 virtutem
569 3417 598 3472 in
610 3417 760 3472 scribendo
770 3425 799 3471 ct
809 3414 920 3488 copiam
932 3432 990 3471 non
1002 3433 1084 3489 erpe-
1098 3429 1132 3479 ιο

111 3494 219 3554 tissetl
258 3493 359 3555 Quidl
378 3496 450 3557 ια.
467 3494 584 3551 Metello
597 3493 657 3563 Pio,
679 3492 896 3548 familiarissimo
909 3510 969 3562 suo,
982 3493 1030 3566 qui
1045 3491 1084 3547 ci·

110 3575 200 3632 vitate
217 3567 327 3666 ‘mipltes
347 3574 472 3643 donavit,
494 3589 588 3644 neque
614 3588 725 3644 perse,
752 3588 843 3644 neque
863 3587 913 3642 per
939 3568 1083 3652 Lucullos,

109 3651 345 3786 impatyrssctl
364 3651 414 3724 qui
427 3647 584 3726 presertim
597 3665 687 3720 usque
705 3644 740 3703 eb
763 3647 799 3705 de
813 3646 872 3704 suis
892 3646 977 3702 rebus
997 3640 1083 3698 sc11b¹

154 3797 189 3862 „s

116 3923 128 3962 ⁴
143 3879 147 3886 ,

130 4004 161 4136 l
