2516 4204
371 275 506 324 canuto
523 275 561 327 ra
578 276 615 326 rr.
633 276 835 328 nuauarnu.
1087 286 1144 346 ιω

161 415 276 476 XLIV.
291 415 377 474 Hanc
388 435 478 474 uanum
488 417 576 487 ‘diem
588 419 666 476 hunc
677 422 912 496 unumpinquam,
923 419 1091 484 hodiernum

123 496 213 566 diem,
228 496 282 552 boc
301 507 437 574 punctum
458 495 602 569 temporis,
616 515 671 569 quo
691 497 799 571 loquor,
814 499 944 572 defende,
958 503 983 558 si
994 505 1081 578 'poree

124 574 187 630 Cur
201 584 369 630 armatorum
382 573 490 630 coron&
504 584 619 630 senatus
633 582 729 648 septus
742 577 804 632 estl
825 595 876 633 cur
890 595 935 634 me
947 580 989 635 tui
1010 580 1090 636 satel-

123 652 188 708 lites
201 670 266 708 curn
281 650 384 725 gladiis
398 650 540 706 audiuntl
561 669 612 706 cur
623 653 709 708 valvae
719 652 890 710 Concordia
904 673 960 712 non
974 659 1089 732 patent‘l

121 747 174 786 cur
195 729 326 786 homines
341 728 473 784 omnium
494 729 622 802 gentium
642 727 766 786 maxime
789 732 929 803 barbaros,
944 731 1089 806 Itbyraeoe,
1123 745 1141 796 5

121 825 190 864 cum
201 806 312 880 sagittis
323 805 441 862 deducis
455 805 485 862 iu
499 805 611 862 soruml
651 806 779 863 Praesidii
793 809 837 864 sui
851 811 938 866 causd
952 829 983 866 se
997 809 1090 868 lacere

123 885 204 940 dicit
245 881 353 939 Nonne
373 883 457 957 igitur
479 883 581 940 millies
602 885 693 958 perire
707 895 751 940 est
770 887 880 956 melius,
894 885 978 960 quim
994 887 1023 943 in
1037 889 1089 944 sud

125 961 252 1030 civitate,
266 961 328 1016 sine
350 969 519 1016 armatorum
543 961 684 1034 praesidio,
697 961 756 1018 aon
769 980 861 1036 ‘posse
875 965 989 1020 virerel
1031 965 1089 1020 Sed

125 1038 236 1096 nullum
262 1049 306 1094 est
331 1038 435 1108 isthuc,
462 1039 533 1094 milri
558 1039 654 1108 crede,
681 1037 850 1113 praesidium.
909 1041 1034 1096 Caritate
1061 1052 1090 1098 et

125 1113 325 1175 benevolentia
338 1115 444 1172 civium
458 1127 569 1190 septum
582 1128 693 1190 oportet
704 1135 777 1187 esse,
792 1133 850 1174 non
864 1119 957 1174 armis.
1106 1128 1139 1182 lu

163 1193 282 1268 Eripiet,
303 1193 480 1266 extorquebit
504 1194 555 1250 tibi
569 1194 633 1250 2ista
654 1195 775 1268 populus
799 1191 957 1265 Romanus,
981 1197 1089 1266 utinam

123 1271 207 1327 salvis
220 1271 321 1328 nobisl
342 1271 404 1340 aed,
417 1288 532 1344 quoquc
550 1271 635 1328 motio
655 1272 803 1340 nobiscum
823 1274 924 1346 egeris,
939 1274 1007 1329 dum
1027 1274 1088 1330 istis

123 1347 250 1406 consiliis
263 1349 360 1417 uteris,
372 1366 430 1404 non
443 1359 524 1422 potes
539 1347 623 1422 (milri
636 1349 736 1418 crede)
751 1365 813 1404 esse
824 1351 982 1406 diuturnus.
1024 1347 1089 1406 Ete-

124 1426 185 1482 nim
199 1427 254 1484 ista
266 1436 316 1482 tua
329 1423 447 1482 minime
458 1445 542 1482 avara
553 1425 657 1500 conjux
669 1424 770 1500 ¹(quam
779 1443 835 1500 ego
845 1427 906 1484 sine
917 1428 1089 1484 contumelid

125 1503 271 1577 describo)
286 1499 406 1558 uimidm
420 1503 505 1560 debet
518 1503 568 1558 diu
581 1503 684 1578 populo
702 1501 836 1560 Romano
853 1504 1018 1577 pensionem
1036 1513 1139 1568 ter-15

123 1580 204 1637 tiam.
238 1580 334 1636 Habet
347 1580 466 1654 populus
479 1580 639 1650 Romanus,
649 1581 685 1636 ad
696 1597 766 1654 quos
779 1581 971 1658 gubernacula
981 1581 1091 1655 reipub-

122 1657 188 1714 lice
211 1657 339 1714 dekrat:
357 1658 407 1731 qui
432 1659 595 1732 ubicunque
617 1669 756 1714 terrarum
779 1669 854 1728 suat,
879 1651 917 1715 ibi
941 1669 984 1715 est
1004 1677 1089 1715 mnne

123 1735 288 1808 reipublice
315 1736 488 1808 presidium,
511 1736 554 1792 vel
577 1732 672 1810 putida
699 1736 760 1809 ipsa
783 1736 951 1810 respublica,
975 1755 1037 1809 quea
1057 1755 1088 1793 se

124 1811 222 1867 adhuc
241 1813 436 1868 tautummodo
457 1813 516 1868 ulta
536 1823 589 1882 eat,
609 1813 737 1870 nondum
757 1829 825 1868 recu
863 1811 940 1867 ravit.
995 1811 1090 1868 Habet

122 1888 242 1962 quidem
264 1885 342 1944 certd
366 1889 526 1962 respublica
550 1890 744 1946 adolescentes
767 1829 968 1959 nobilissimos,
978 1900 1090 1964 paratos
1103 1903 1140 1957 20

121 1967 296 2024 defensores.
316 2003 318 2006 -
344 1964 444 2026 Quam
469 1967 572 2038 volent,
597 1967 637 2024 illi
664 1969 778 2038 cedant,
803 1967 862 2024 ctio
889 1967 1088 2036 consulentes;

121 2055 219 2102 tamen
239 2065 257 2101 a
277 2043 423 2118 republica
443 2045 660 2101 revocabuntur.
716 2043 754 2100 Et
776 2061 881 2102 nomen
905 2046 983 2119 pacis
1004 2045 1089 2102 dulce

121 2133 175 2192 est,
189 2133 219 2178 et
242 2123 304 2196 ipsa
327 2141 372 2177 res
396 2122 546 2179 salutaris:
579 2123 630 2176 sed
654 2123 727 2177 inter
788 2139 851 2178 cem
875 2133 905 2178 et
927 2123 1089 2179 servitutem

121 2199 276 2273 plurimum
297 2199 422 2254 interest.
477 2199 538 2253 Pax
563 2209 607 2252 est
632 2199 781 2273 tranquila
807 2197 938 2266 libertas;
972 2195 1107 2259 servitusi

121 2277 263 2332 malorum
284 2276 413 2332 omnium
432 2285 616 2348 postremum,
637 2293 693 2331 uon
713 2273 798 2332 modd
820 2275 902 2346 bello,
923 2276 973 2332 sed
1000 2283 1089 2332 morte
1098 2270 1140 2345 &5

119 2353 220 2423 etiam,
235 2351 439 2427 repellendum.
1093 2364 1099 2421 ,¹

158 2428 252 2491 Quod
271 2431 298 2486 si
319 2447 350 2486 se
372 2431 447 2504 ips'os
461 2430 501 2486 illi
516 2431 605 2486 nostri
619 2429 783 2488 liberatores
797 2445 813 2488 e
827 2440 981 2506 conspectu
995 2441 1090 2489 nostro

120 2509 316 2574 abstuleruut;
338 2518 367 2564 at
379 2508 542 2582 exemplum
558 2507 625 2563 facti
639 2508 818 2582 reliquerunt.
853 2509 908 2578 Illi,
917 2511 991 2583 quod
1006 2527 1090 2565 nemo

122 2585 241 2653 fecerat,
256 2584 393 2640 fecerunt
434 2584 625 2658 Tarquinium
641 2583 745 2641 Brutus
758 2587 832 2642 bello
845 2596 888 2642 est
907 2597 1089 2659 persecutue3

119 2661 169 2736 qui
191 2673 255 2718 tum
277 2678 328 2716 rex
351 2660 411 2730 luit,
424 2659 492 2718 cdm
511 2681 574 2718 ease
598 2661 701 2718 Rome
717 2657 820 2738 ‘regern
844 2662 954 2717 licebat.
996 2659 1090 2734 Spurii
1105 2671 1140 2724 30

119 2739 243 2796 Cassius
267 2749 297 2794 et
321 2737 436 2809 Melius,
451 2737 491 2794 M.
511 2738 647 2809 Manlius,
661 2751 773 2814 propter
797 2740 985 2814 suspicionem
1010 2735 1090 2811 regni

120 2816 287 2890 appetendi,
299 2825 366 2872 sunt
379 2816 482 2873 necati.
511 2816 552 2874 Hi
565 2817 649 2892 primi
660 2835 727 2873 curn
740 2818 851 2892 gladiis,
861 2835 919 2874 non
931 2817 960 2874 in
972 2831 1091 2890 regnum

120 2905 312 2969 appetentem,
322 2895 372 2950 sed
383 2894 415 2950 in
425 2906 604 2969 regnantem,
613 2895 750 2969 impetum
761 2895 897 2952 fecerunt.
924 2895 1012 2968 Quod
1023 2890 1090 2949 cdm

98 3013 101 3018 -
120 2973 213 3046 ipsum
228 2973 336 3029 facturn
355 2990 407 3046 per
422 2991 453 3026 se
474 2971 641 3045 praeclarum
662 2981 745 3044 atque
759 2971 888 3026 divinum
899 2983 950 3039 eat,
964 2983 1025 3024 turn
1045 2989 1092 3025 ex·
1136 3031 1139 3040 ⁵

120 3051 242 3124 positum
251 3051 288 3107 ad
297 3049 485 3116 imitandum;
500 3049 653 3122 presertim
664 3049 732 3106 ciam
746 3047 855 3103 illicem
867 3047 983 3119 gloriam
994 3060 1092 3100 conse·
1106 3059 1141 3112 35

119 3123 180 3186 cuti
192 3129 260 3198 sint,
269 3148 333 3202 quae
345 3127 392 3184 vix
407 3125 481 3182 coelo
492 3125 555 3200 capi
568 3143 650 3200 posse
659 3127 794 3182 videatur.
822 3124 884 3181 Etsi
895 3124 972 3180 enim
981 3121 1049 3176 satis
1060 3121 1089 3177 in

121 3203 185 3276 ipat
198 3206 376 3262 conscientib
390 3203 575 3279 pulcherrimi
590 3203 657 3262 facti
672 3201 780 3260 lructirs
793 3213 862 3272 erat,
873 3212 968 3258 tamen
981 3197 1091 3256 mortali

121 3277 543 3339 irirmortalimtemncnarbitror
556 3281 804 3337 contemnendam.

161 3356 257 3412 XLV.
267 3359 435 3414 Recordare
444 3359 529 3432 igitur
539 3358 627 3428 illum,
637 3357 678 3412 M.
689 3357 966 3426 Antoni,diern,quo
974 3355 1093 3411 dictatu·
1132 3411 1136 3420 ,

116 3453 183 3494 ram
197 3435 346 3491 sustulisti·
387 3435 467 3492 Pone
481 3445 547 3490 anta
560 3435 658 3490 oculos
672 3433 796 3488 letitiam
810 3431 925 3502 senatuis
942 3431 1092 3504 populique
1107 3443 1141 3496 4ο

117 3512 271 3570 Romani:
300 3513 398 3569 confer
421 3531 490 3567 cum
515 3512 721 3567 nundinatione
744 3509 793 3572 tud,
818 3520 1003 3579 tuorumque:
1032 3519 1097 3574 rum,

119 3591 276 3664 intelliges,
291 3601 428 3663 quantum
451 3589 526 3644 inter
548 3589 661 3643 laudern
682 3595 711 3640 et
732 3585 841 3640 lucrum
864 3584 981 3640 intersit.
1024 3584 1092 3652 Sed,

120 3669 266 3738 nimirum,
284 3677 316 3722 ut
330 3667 445 3739 quidam
461 3665 574 3740 (morbo
587 3665 689 3736 aliquo,
703 3669 732 3716 et
746 3662 846 3716 sensus
862 3657 1094 3738 stuporepsuari-

119 3755 206 3802 tatem
221 3747 279 3804 cibi
294 3763 356 3800 non
371 3743 516 3808 sentinam
538 3742 580 3794 sic
593 3737 747 3804 libidinosi,
757 3739 841 3805 avari,
851 3735 1010 3790 facinorosi,
1020 3742 1092 3778 vere

118 3822 211 3881 laudis
225 3835 374 3900 gustatum
385 3839 444 3878 non
459 3818 574 3874 habent.
609 3814 678 3884 Sed,
689 3812 713 3868 si
726 3822 754 3868 te
768 3812 830 3866 laus
841 3807 953 3862 allicere
964 3798 1000 3850 ad
1013 3795 1091 3854 rectd
1108 3809 1153 3893 ¹¹⁵,
