2516 4204
367 251 504 302 onemo
520 251 559 300 IN
575 251 612 302 Μ.
629 251 830 304 Annorum
1080 259 1136 319 1⁴3

122 392 205 462 letis;
233 401 297 450 tunt
322 391 374 449 iste
400 393 546 448 venditum
567 403 651 466 etque
671 393 883 468 emancipatum
909 394 1086 454 tribunatum

123 468 253 528 consiliis
267 469 363 524 vestris
372 467 520 542 opposuit;
534 469 714 543 cervicesque
727 489 793 528 suns
806 471 834 528 ei
848 471 967 547 subjecit
980 473 1084 545 securi,

124 547 183 620 qud
198 545 278 602 multi
295 545 450 602 minoribus
469 546 640 619 inpeccatis
663 547 840 606 occiderunt
881 547 916 606 ln
929 560 959 607 ts
978 560 1084 621 sutem,

126 622 168 678 M.
184 623 302 692 Antoni,
317 623 345 678 id
367 623 493 679 decrevit
513 633 629 680 senatus
648 621 692 697 (et
704 624 819 696 quidem
838 625 997 696 incolumis,
1015 643 1084 684 non·

125 701 192 756 dum
207 709 248 756 tot
267 699 425 758 luminibus
437 699 612 774 exstinctis),
632 700 708 773 quod
723 701 752 756 in
771 701 878 758 hostem
899 711 1024 776 tegetum
1037 703 1091 780 de·
1117 709 1136 764 5

142 776 204 834 erni
226 787 270 832 est
290 776 403 832 solitum
425 794 503 832 more
517 775 665 849 majorum.
706 775 744 833 Et
757 787 788 833 tu
802 779 876 854 apud
898 777 997 836 Patres
1010 777 1086 836 Con·

140 854 247 927 criptos
260 864 359 908 contre
377 871 422 908 me
436 853 533 908 dicere
557 871 643 910 susus
656 871 697 923 es,
717 850 785 910 clun
799 855 835 912 nb
850 855 903 912 hoc
917 855 1019 912 ordine
1032 873 1086 930 ego

127 939 307 986 conservator
330 947 429 999 essem,
453 940 483 984 tu
505 928 603 999 hostis,
624 929 786 1002 reipublice
804 930 968 1004 judicntnsl
1001 931 1086 990 Com·

128 1005 296 1062 memoratio
319 1005 394 1062 illius
414 1005 456 1062 tui
478 1005 593 1062 sceleris
615 1005 774 1062 intermisse
797 1018 850 1076 est,
870 1027 929 1066 uon
950 1009 1087 1064 memoeie

127 1081 228 1138 delete
269 1081 347 1141 Dum
360 1099 452 1156 genus
466 1081 623 1150 hominum,
645 1082 713 1138 durn
726 1082 822 1156 populi
843 1083 968 1142 Romani
981 1101 1086 1142 nomen
1102 1093 1137 1148 10

127 1158 249 1214 exstabit
262 1156 348 1234 (quod
363 1157 477 1232 quidem
490 1157 554 1227 erit,
574 1157 598 1214 si
612 1176 662 1231 per
675 1167 703 1216 te
716 1157 838 1230 licuerit,
859 1160 1086 1236 cumprimum),

125 1244 175 1290 tue
190 1235 236 1290 ille
250 1235 382 1308 pestifere
396 1234 563 1290 intercessio
576 1234 773 1292 nominabitur.

164 1311 248 1388 Quid
261 1307 365 1385 cupide
385 1329 402 1366 n
415 1321 526 1380 senatu,
539 1309 607 1382 quid
629 1307 734 1368 temere
748 1309 842 1382 fiebnt,
860 1310 927 1369 clrrn
940 1323 983 1383 tu,
1001 1331 1085 1386 unus,

126 1389 304 1456 adolescens,
317 1387 481 1448 universum
494 1387 622 1442 ordinem
637 1387 790 1444 decernere
800 1389 836 1444 de
851 1385 940 1446 salute
954 1391 1087 1464 reipubli-

127 1484 171 1522 cae
187 1464 376 1539 prohibuistil
397 1481 489 1535 neque
511 1463 540 1518 id
561 1462 658 1532 semel,
677 1463 728 1520 sed
746 1464 868 1538 sepius:
889 1483 980 1540 neque
998 1477 1030 1524 tu
1047 1476 1088 1522 te-
1102 1475 1137 1529 15

128 1559 198 1598 curn
214 1541 256 1597 'de
279 1539 394 1599 senatus
421 1539 584 1596 auctoritate
612 1539 658 1613 egi
682 1557 782 1614 passus
808 1559 848 1598 es.
888 1540 970 1602 Quid
993 1552 1087 1598 numm

127 1619 276 1694 agebatur,
293 1617 349 1673 nisi
367 1635 404 1674 ne
426 1615 521 1672 delere
544 1626 574 1673 et
590 1625 715 1680 evertere
733 1617 939 1690 rempublicun
960 1617 1087 1676 funditus

101 1707 110 1724 ·
127 1696 223 1765 velles,
237 1693 305 1755 cum
319 1705 347 1752 te
367 1712 459 1767 neque
473 1693 616 1767 principes
634 1692 755 1750 civitatis
769 1695 903 1767 regendo,
923 1713 1016 1770 neque
1030 1714 1087 1756 ms

125 1772 203 1847 jures
231 1783 299 1830 netu
321 1771 475 1839 monendo,
496 1788 589 1842 nsque
613 1769 745 1843 frequens
765 1779 882 1828 senntus
906 1771 1027 1846 egendo,
1050 1773 1087 1828 de

128 1849 246 1908 vendite
274 1859 356 1920 etque
384 1847 499 1903 addices
527 1845 669 1902 sententie
689 1847 840 1911 demomre
863 1847 974 1921 potuitl
1008 1847 1138 1916 Turrino

129 1927 211 1996 illud,
226 1925 323 1985 multis
336 1924 421 1982 rebus
444 1918 511 1980 sntd
526 1923 651 1994 tentetis,
675 1923 837 1985 neeessarid
859 1925 910 1984 tibi
924 1925 1027 1982 vulnus
1047 1923 1089 1982 in·

127 2003 247 2074 dictum,
266 2002 340 2076 quod
354 2001 452 2076 paucis
470 2010 535 2058 ente
549 2011 597 2058 te:
618 2019 736 2074 quorum
751 2001 903 2060 incolumis
923 2001 975 2061 fuit
994 2021 1087 2062 neruo.

127 2081 207 2138 Tum
228 2091 327 2142 contre
349 2091 376 2135 te
391 2079 469 2136 dedit
490 2097 569 2136 erma
587 2078 636 2134 hic
655 2078 724 2136 ordo
741 2078 906 2136 consulibus
918 2081 1088 2154 reliquisque

128 2157 254 2232 imperiis
267 2168 297 2217 et
309 2156 493 2230 potestatibus
499 2174 509 2222 3
530 2172 593 2228 quae
607 2171 665 2212 nou
678 2154 837 2232 effugisres,
851 2155 906 2214 nisi
919 2166 948 2212 te
961 2157 998 2212 ed
1011 2173 1090 2212 nrms

128 2235 253 2292 Gesseris
266 2233 440 2290 contulisses.
1103 2243 1139 2298 25

170 2309 271 2368 XXII.
306 2309 365 2379 Tu,
379 2321 420 2379 tu,
434 2309 559 2382 inquam,
579 2307 619 2364 M.
636 2308 754 2379 Antoni,
773 2309 905 2384 princeps
923 2309 957 2368 C.
972 2308 1089 2380 Caesnri,

128 2389 226 2446 omnia
239 2387 402 2462 perturbare
416 2385 553 2460 cupienti,
568 2405 684 2442 causam
697 2387 761 2444 belli
776 2397 873 2445 conns
886 2388 1005 2462 petrium
1020 2387 1090 2444 infe·

126 2466 211 2528 rendi
224 2464 338 2528 dedisti.
378 2463 460 2524 Quid
473 2463 550 2520 enim
570 2463 647 2518 eliud
661 2462 708 2520 ille
722 2464 855 2538 dicebetl
876 2483 960 2537 quum
974 2483 1090 2522 causum

129 2541 337 2597 dementissimi
351 2541 395 2596 sui
414 2539 526 2596 consilii
541 2549 571 2594 et
590 2539 657 2596 fecti
676 2540 819 2611 efferebat,
835 2541 891 2600 nisi
905 2539 982 2614 qudd
1006 2541 1091 2598 inter·

130 2617 225 2674 cessio
238 2615 379 2690 neglecte,
396 2615 442 2687 jus
455 2614 641 2670 tribunicium
660 2616 810 2687 subletum,
829 2615 1060 2689 circumscriptus
1075 2635 1092 2688 e
1105 2627 1141 2681 30

129 2706 232 2758 senatu
254 2702 331 2750 esset
355 2690 518 2748 Antoniusl
552 2688 670 2761 Omitto,
697 2691 782 2766 qudm
810 2694 872 2750 haec
900 2691 978 2762 sulse,
1004 2688 1092 2766 qudm

128 2773 223 2840 levie3
245 2769 406 2845 presertim¹
427 2764 494 2826 oum
514 2766 632 2824 omnino
654 2769 732 2826 nulle
754 2787 842 2828 censs
862 2769 939 2845 juste
959 2771 1092 2844 cuiquem

129 2869 195 2908 esse
221 2847 310 2924 possit
334 2857 432 2902 contre
455 2844 574 2920 petrium
597 2863 675 2902 arms
698 2847 839 2921 capiendi.
882 2847 939 2906 sed
960 2847 1032 2906 nihil
1056 2847 1092 2904 de

128 2927 262 2984 Caessre:
284 2925 336 2982 tibi
350 2920 428 2982 certe
446 2922 639 2990 confitendum
651 2933 705 2993 est,
721 2942 839 2981 causam
857 2924 1092 2998 perniciosissimi

129 3005 194 3062 belli
208 3003 239 3062 in
253 3003 375 3079 perenni
385 3001 436 3062 tuis
450 2999 616 3058 constitisse.
657 2999 685 3054 Ο
699 3000 833 3056 miserum
847 3010 885 3068 ts,
899 3000 924 3054 si
939 2999 1091 3073 intelligis!
1106 3015 1142 3070 35

127 3082 314 3150 miseriorem,
333 3079 358 3134 si
379 3095 436 3134 non
453 3075 599 3150 intelligis,
621 3076 675 3132 hoe
694 3075 784 3134 literis
802 3075 942 3146 mundari,
963 3075 1018 3132 hoc
1035 3093 1093 3132 me·

127 3159 227 3216 morie
241 3158 333 3232 prodi,
353 3154 438 3229 hujus
451 3153 493 3210 rei
504 3171 541 3210 ne
561 3153 753 3227 posteritatem
766 3151 880 3225 quidem
901 3153 1030 3210 omniurn
1044 3170 1094 3208 cre-

129 3233 261 3296 culorum
274 3251 397 3306 unquam
408 3231 602 3288 immemorem
615 3229 685 3299 fore,
706 3228 838 3287 consules
850 3247 885 3286 es
900 3229 983 3288 Italis
995 3247 1095 3288 excus-

130 3329 190 3379 sos,
205 3327 271 3365 curn
291 3327 327 3364 ue
341 3309 385 3363 his
398 3308 452 3363 Cn.
467 3306 644 3380 Pompeium,
665 3305 714 3378 qui
729 3304 841 3378 imperii
857 3305 954 3378 pupuli
967 3306 1094 3364 Romani

128 3387 223 3445 decus
237 3328 380 3440 scdumen
391 3384 459 3451 tuin
474 3401 574 3440 omnes
587 3381 761 3449 consuleres,
776 3381 825 3452 qui
843 3399 893 3454 pst
904 3382 1094 3440 valetudinem
1108 3399 1143 3451 40

128 3464 251 3536 exsequi
261 3461 371 3518 cladem
384 3460 460 3518 illem
479 3460 629 3533 fugamque
643 3457 821 3532 potuissent;
840 3467 983 3530 pretores,
997 3471 1095 3534 preto·

129 3543 198 3612 ries,
213 3537 456 3611 tribunusplebis,
471 3553 604 3609 magnum
617 3543 727 3608 partem
749 3532 875 3604 senatus,
887 3551 1004 3594 omnem
1016 3537 1095 3592 subo·

127 3615 186 3682 leur
198 3615 369 3693 juventutis,
386 3631 498 3686 unoque
511 3611 607 3682 verbo,
628 3605 833 3680 rempublicam
853 3611 998 3686 erprrlssm
1011 3621 1094 3678 nsque

129 3697 352 3757 exteminsum
365 3691 423 3750 suis
435 3687 565 3748 sedibus!
