2516 4204
321 269 458 320 onemo
473 269 543 322 PRO
559 270 590 318 T.
607 269 720 320 ANNIO
735 267 884 320 MILONE.
1066 275 1135 336 'm

123 413 308 492 prodendum,
320 406 397 486 ‹prbd
411 421 473 468 erut
486 410 606 468 dictator
625 409 746 470 Lsnurii
760 410 849 482 Mum
870 411 966 472 Romi
988 411 1084 472 sribitd

123 487 1083 642 lentilli‚pllltliilttlfflllt‘tm

124 646 211 702 lectus
231 655 282 715 est,
303 653 335 700 ut
354 643 523 700 concionem
551 641 752 713 turbulentum,
774 643 804 700 in
832 644 889 718 qut
916 643 978 718 ejus
1006 645 1081 703 firror

122 722 293 780 desideratus
316 730 369 791 est,
383 737 445 794 quae
470 719 518 776 illo
542 719 605 794 ipso
627 719 674 775 die
698 719 795 776 bsbits
818 731 871 792 est,
895 720 1066 794 relinqueret
1073 739 1081 790 ς
1101 727 1120 778 5

120 817 212 874 quarn,
225 799 283 855 nisi
292 798 373 856 obire
395 796 527 854 facinoris
551 795 646 854 locum
667 806 832 871 tempusque
855 797 999 869 voluisset,
1012 815 1083 856 nun·

121 895 204 950 quem
218 875 387 948 reliquisset

161 951 235 1008 Milo
256 961 359 1021 nutem,
380 948 446 1008 crim
467 951 497 1008 in
510 961 611 1008 sonctu
632 949 730 1008 lusisset
743 969 779 1010 eo
798 949 845 1010 die
858 951 951 1026 quood
964 963 1081 1010 metus
1144 964 1147 978 ·

122 1029 255 1086 dimissus
275 1039 326 1099 est,
341 1029 455 1084 domum
468 1027 565 1084 venit:
586 1027 699 1085 calceos
708 1039 738 1084 et
758 1029 926 1086 vestimentu
946 1029 1079 1088 mutsvit:

120 1106 269 1182 paulisper,
290 1105 358 1162 dum
379 1123 410 1161 se
429 1093 499 1162 rixor
514 1103 559 1179 (ut
572 1103 617 1180 fit)
637 1115 791 1198 comperet,
813 1117 1001 1164 commoratus
1020 1115 1080 1164 est:
1096 1113 1130 1166 10

120 1184 222 1240 deinde
243 1183 387 1258 profectus
406 1192 451 1238 est
470 1181 500 1239 id
520 1181 665 1256 temporis,
685 1199 752 1238 cum
770 1181 828 1256 jum
847 1182 976 1254 Clodius,
997 1181 1081 1256 siqrri-

118 1261 182 1318 dem
202 1279 237 1317 eo
257 1261 304 1318 die
325 1260 449 1318 Romam
470 1269 606 1316 venturus
625 1268 695 1328 eret,
721 1257 813 1316 redire
833 1259 981 1333 potuisset.
1020 1260 1080 1320 Ob·

118 1336 192 1394 ridm
204 1337 237 1393 lit
256 1337 284 1392 ei
304 1337 432 1406 Clodius,
452 1336 611 1410 expeditus,
625 1335 656 1390 in
676 1339 759 1408 equo,
774 1335 853 1392 nulld
873 1337 972 1406 rhedt,
993 1335 1079 1394 nullis

119 1414 338 1489 impedimentis,
348 1413 433 1470 nullis
440 1413 550 1469 Grecis
557 1411 719 1481 comitibus,
731 1421 763 1468 ut
773 1411 895 1480 solebst;
910 1413 972 1470 sinc
983 1431 1079 1483 uxore,

119 1492 193 1564 quod
216 1509 361 1563 nunquam
384 1487 460 1544 lere:
481 1486 548 1545 clim
566 1488 613 1544 hic
632 1487 788 1557 insidiator,
809 1489 857 1560 qui
878 1489 931 1546 iter
952 1489 1023 1544 illud
1043 1489 1079 1546 sd
1096 1497 1129 1550 15

110 1567 229 1625 'eedem
244 1566 402 1624 faciendam
417 1565 664 1640 apposuissem
675 1581 761 1622 uxore
774 1565 922 1624 veheretur
935 1565 965 1622 in
981 1565 1079 1636 theut,

116 1644 285 1721 paenulatus,
313 1662 418 1720 magno
444 1643 657 1718 impedimento,
684 1660 719 1698 uc
745 1640 877 1698 muliebri
902 1651 933 1700 ct
958 1641 1080 1702 detineto

117 1721 282 1778 ancillarum
295 1739 502 1796 puerorumque
516 1720 659 1778 comitutu.
984 1713 996 1732 ⁸

158 1797 208 1853 Fit
221 1795 333 1854 obuium
348 1798 453 1855 Clodio
464 1810 530 1854 unte
541 1798 660 1854 fundum
671 1797 742 1872 ejus,
756 1797 826 1856 bord
840 1795 899 1854 leid
914 1797 1080 1868 undecimd,

119 1884 170 1932 aut
184 1892 241 1932 non
254 1871 343 1932 multi)
357 1893 448 1930 secus.
490 1874 591 1932 Statim
605 1875 764 1950 complures
777 1891 844 1932 cum
865 1874 930 1934 telis
953 1874 984 1930 in
1002 1873 1080 1930 hunc
1093 1879 1129 1934 Ν

117 1953 227 2010 fuciunt
240 1951 354 2010 deloco
367 1951 510 2026 superiore
524 1951 677 2027 impetum:
698 1952 807 2010 adversi
829 1951 991 2010 rbedurium
1004 1950 1081 2010 ccci·

115 2028 194 2088 dunt.
236 2026 312 2086 Cium
326 2040 421 2086 sutem
444 2029 491 2086 hio
510 2029 546 2088 de
566 2029 666 2100 rheda,
684 2029 792 2105 rejecti
815 2029 938 2104 pcnuld,
952 2027 1080 2088 desiluis-

113 2117 167 2177 set,
180 2125 267 2180 seque
281 2107 340 2164 aeri
354 2107 450 2164 animo
462 2107 646 2174 defenderem
667 2107 717 2179 illi,
731 2107 780 2181 qui
793 2119 875 2164 erunt
888 2125 953 2164 cum
967 2107 1078 2176 Clodio,

113 2184 218 2259 gladiis
231 2184 351 2254 eductis,
361 2185 464 2258 purtim
477 2201 623 2242 recurrere
638 2185 674 2240 ud
687 2185 814 2255 rhedam,
829 2195 860 2240 ιιι
873 2201 891 2242 e
903 2195 985 2256 tergo
998 2179 1080 2238 Milo-

115 2279 185 2318 nem
205 2261 397 2328 adorirentur;
417 2262 530 2334 pertun,
544 2257 621 2334 qudd
641 2261 717 2318 hunc
735 2263 795 2337 jem
807 2261 988 2320 intersectum
1001 2267 1081 2333 putt-
1093 2262 1129 2318 25

114 2347 191 2408 rent,
202 2338 313 2396 cedere
324 2338 466 2412 incipiunt
476 2339 537 2413 ejus
546 2357 651 2409 servos,
662 2339 711 2414 qui
723 2337 789 2414 pdst
801 2349 898 2398 erant:
918 2356 955 2398 ex
967 2335 1079 2412 quibus,
1168 2367 1174 2376 ,

113 2415 163 2490 qui
185 2415 280 2474 animo
300 2415 377 2472 fideli
398 2415 429 2474 in
450 2415 599 2474 dominum
619 2427 649 2474 et
672 2416 805 2492 presens·
834 2416 957 2486 luerunt,
977 2413 1079 2489 partim

112 2491 204 2548 occisi
226 2503 303 2564 sunt,
322 2493 436 2567 purtim,
456 2490 523 2550 clim
544 2494 581 2550 sd
612 2494 729 2552 rhednm
749 2493 869 2568 pugnari
891 2491 1030 2561 viderent,
1049 2501 1079 2550 et

112 2567 235 2626 domino
265 2587 432 2624 succurrere
470 2570 697 2642 prohiberentur,
728 2569 922 2643 Milonemque
952 2569 1079 2626 occisum

111 2645 254 2703 etiamen
268 2643 332 2718 ipso
346 2643 450 2699 Clodio
470 2645 611 2713 eudirent,
624 2655 653 2700 et
666 2646 705 2702 itu
721 2665 782 2706 esse
795 2655 936 2720 putarent,
951 2643 1080 2700 lecerunt
1093 2651 1129 2704 30

110 2723 143 2780 id
168 2721 258 2798 [servi
286 2719 430 2796 Milonis]
454 2717 561 2795 (dicam
589 2721 676 2792 enim,
689 2741 746 2780 non
775 2721 920 2780 desinendi
951 2718 1079 2778 criminis

110 2799 216 2870 cnusd,
230 2797 291 2854 sed.
303 2807 334 2854 ut
355 2797 459 2854 fuctum
481 2797 538 2874 est)
553 2817 645 2872 neque
665 2800 832 2874 superante,
844 2817 937 2873 ueqttc
959 2796 1079 2868 sciente,

104 2874 210 2950 'meque
222 2886 364 2950 praesento
379 2875 503 2945 domino,
516 2876 593 2948 quod
606 2893 671 2934 suos
683 2878 803 2951 quisque
818 2895 912 2936 servos
935 2876 965 2934 in
979 2875 1028 2935 tuti
1047 2891 1078 2936 re

110 2955 207 3012 lacere
221 2953 365 3010 voluisset.

149 3030 209 3088 xi·
248 3029 332 3100 Haec,
346 3029 422 3086 sicut
435 3030 562 3104 exposui,
576 3031 615 3088 ita
635 3043 716 3106 gestu
729 3042 805 3102 sunt,
816 3031 943 3104 judices:
965 3031 1079 3088 insidis·
1092 3043 1128 3096 35

109 3121 153 3166 tor
167 3118 327 3184 superatus,
342 3106 370 3162 vi
384 3105 460 3162 ricta
472 3106 525 3178 vis,
537 3107 579 3164 rel
592 3107 688 3182 potiris
700 3123 833 3184 oppresse
846 3107 946 3165 virtute
961 3105 1080 3162 audacis

108 3196 165 3242 est.
205 3184 288 3240 Nihil
302 3185 378 3255 dico,
392 3183 461 3258 quid
482 3185 643 3259 respublica
663 3195 821 3244 consecuta
842 3185 894 3252 sit;
915 3183 997 3255 nihil,
1010 3183 1078 3258 quid

109 3263 186 3325 vos3
206 3261 287 3330 nihil,
297 3261 364 3334 quid
378 3279 479 3320 omnes
489 3262 556 3318 boni
570 3281 576 3318 :
598 3263 669 3318 nihil
680 3260 750 3318 send
765 3262 795 3318 id
808 3262 895 3336 prosit
908 3260 1020 3331 Miloni,
1030 3261 1078 3336 qui

109 3337 172 3393 lroc
186 3336 243 3392 fsto
255 3347 338 3394 nctus
351 3349 403 3408 est,
415 3349 493 3396 utne
503 3358 534 3396 se
548 3339 665 3414 quidem
675 3357 787 3394 servare
800 3337 931 3411 potuerit,
941 3338 1009 3410 quin
1019 3339 1079 3398 und

104 3413 322 3488 rempublicam
334 3433 437 3489 vosque
455 3427 588 3473 servaret.
630 3416 662 3472 Si
676 3416 705 3472 id
724 3416 788 3489 jure
812 3431 870 3470 non
891 3424 994 3488 posset,
1007 3416 1078 3476 nibil
1093 3427 1129 3480 40

106 3492 217 3562 huben,
231 3491 306 3566 quod
320 3492 479 3552 delendam.
521 3494 574 3550 Sin
589 3493 644 3550 hoc
668 3502 698 3548 et
709 3491 782 3548 ratio
793 3489 894 3563 doctis,
907 3501 937 3548 et
956 3493 1080 3551 necessi·

106 3579 154 3628 ιιι
166 3569 308 3640 barbaris,
318 3580 347 3626 et
359 3589 419 3628 mos
432 3571 577 3647 gentibus,
588 3579 618 3626 et
627 3568 694 3624 ieris
704 3577 806 3624 notui-c
815 3567 887 3644 ipss,
898 3571 1079 3646 prescripsit,

106 3659 138 3708 ut
150 3664 277 3712 omnem
289 3665 401 3722 semper
414 3649 482 3720 rim,
495 3645 666 3722 quicunque
679 3663 737 3720 ops
754 3657 878 3721 possent,
891 3667 910 3704 c
921 3663 1048 3718 corpore,
1062 3655 1079 3692 ⁸
