2516 4204
159 326 215 385 110
401 324 537 374 ORATIO
553 323 622 373 PRO
638 325 669 373 Τ.
686 324 799 374 ANNIO
815 325 964 376 Mluonu.

202 485 289 524 causa
308 467 386 542 justa
406 467 575 524 restituendi
599 467 665 538 mei,
679 467 734 523 nisi
757 466 855 524 fuisset
878 467 984 542 injusta
1007 467 1154 543 ejiciendil

200 544 284 601 Diem
310 545 379 602 milri
405 544 516 620 (credo)
542 545 668 600 dixerat:
696 545 812 600 multam
835 545 989 619 irrogdrat:
1021 547 1155 603 actionem

198 623 399 695 perduellionis
411 623 570 678 intenderat
582 640 588 675 :
610 632 638 677 et
649 621 718 676 mihi
729 621 870 691 videlicet,
881 623 911 678 in
925 622 1012 677 causti
1025 633 1075 678 aut
1087 624 1156 680 mall

199 710 249 754 aut
263 699 337 769 mea,
351 717 409 756 non
423 710 451 756 et
464 698 678 774 praeclarissime
694 708 721 753 et
735 698 836 768 vestrfa,
847 699 988 771 judicium
1002 699 1156 757 timendum

166 775 184 826 5
198 775 262 834 suit
303 777 452 832 Servorum
468 786 497 832 et
509 775 655 848 egentium
670 773 774 829 civium
792 784 821 830 et
843 775 1062 832 facinorosorum
1076 779 1157 833 armis

199 868 278 909 meos
292 854 377 921 cives,
392 851 464 906 meis
475 851 600 907 consiliis
609 850 800 924 periculisque
814 862 945 922 servatos,
956 871 1006 926 pro
1019 871 1066 910 me
1076 854 1156 928 objici

199 929 287 984 nolui.

237 1004 305 1059 Vidi
327 1004 414 1074 enim,
436 1003 503 1073 vidi,
525 1003 603 1058 hunc
624 1003 716 1077 ipsum
738 1002 778 1062 Q.
805 1003 1001 1076 Hortensium,
1015 1006 1110 1063 lumen
1131 1018 1157 1064 et

198 1092 394 1138 ornamentum
408 1081 579 1155 reipublicae,
593 1077 668 1155 pene
684 1080 805 1137 interfici
824 1099 967 1142 servorum
981 1101 1078 1154 manu,
1093 1081 1156 1141 cdm

150 1154 183 1208 10
198 1159 269 1214 mihi
290 1160 416 1215 adesset:
436 1158 492 1231 quel
514 1159 543 1213 in
565 1159 649 1214 turbet
671 1157 704 1213 C.
727 1158 877 1228 Vibienus,
891 1170 1012 1232 senator,
1028 1161 1067 1216 vir
1089 1162 1157 1235 opti·

199 1253 272 1302 mus,
295 1253 361 1290 cum
382 1236 436 1290 hoc
458 1231 524 1290 cdm
545 1246 620 1290 esset
642 1234 709 1305 und,
729 1235 769 1290 ita
789 1246 833 1291 est
854 1237 999 1308 multatus,
1023 1247 1054 1294 ut
1073 1238 1157 1294 vitam

197 1312 328 1367 amiserit.
370 1310 479 1384 Itaque,
502 1313 616 1384 quaudo
640 1311 714 1366 illius
740 1321 837 1386 postea
864 1313 925 1369 sica
952 1315 1009 1386 illa,
1033 1333 1116 1389 quam
1142 1333 1158 1372 a
1233 1375 1234 1380 ,

197 1386 321 1444 Catilind
346 1400 503 1462 acceperat,
522 1388 699 1461 conquievitl
741 1387 814 1444 llaec
836 1389 975 1447 intentata
996 1393 1079 1449 nobis
1100 1403 1156 1448 est:
1233 1411 1234 1428 v

197 1464 264 1521 huic
279 1484 333 1542 ego
351 1485 399 1523 vos
412 1467 499 1541 objici
512 1485 563 1540 pro
575 1485 621 1522 me
642 1483 698 1522 non
721 1483 783 1521 sum
807 1485 922 1542 passus:
945 1469 1006 1524 hec
1027 1469 1158 1526 insidiata

147 1541 181 1596 15
198 1541 331 1618 Pompeio
341 1555 400 1601 est:
422 1545 483 1600 haec
495 1544 576 1603 istam
592 1543 724 1618 Appiam,
736 1555 950 1600 monumentum
965 1546 1008 1600 sui
1023 1547 1157 1617 nominis,

197 1639 268 1677 nece
282 1622 387 1697 Papirii
406 1621 579 1678 cruentavit:
602 1622 672 1692 baec,
688 1622 749 1678 haec
770 1623 878 1692 eadem,
892 1622 977 1695 longo
999 1622 1158 1693 intervallo,

196 1716 332 1754 conversa
346 1717 443 1754 rursus
456 1709 499 1754 est
513 1699 542 1753 iu
562 1717 625 1755 me:
647 1717 738 1774 nuper
757 1699 881 1772 quidem,
897 1709 927 1752 ut
947 1697 1035 1766 scitis,
1050 1715 1098 1754 me
1121 1701 1159 1756 ed

195 1774 302 1849 regiam
316 1774 390 1851 pene
405 1777 536 1834 confecit.

234 1851 315 1913 Quid
330 1855 421 1911 simile
443 1853 579 1912 Milonisl
599 1855 681 1929 cujus
703 1856 744 1912 vis
765 1853 858 1911 omnis
877 1853 940 1908 bec
960 1869 1071 1926 semper
1095 1852 1154 1924 fuit,

144 1927 180 1984 20
196 1949 233 1986 ne
247 1931 278 1986 Ρ.
301 1932 428 2000 Clodius,
443 1930 509 1987 cdm
524 1934 553 1986 in
576 1932 719 2004 judicium
742 1931 853 1987 detrahi
874 1947 932 1986 non
953 1939 1056 2003 posset,
1071 1930 1098 1986 vi
1111 1949 1154 2004 op·

194 2025 319 2079 pressam
343 2008 485 2061 civitatem
509 2017 625 2060 teneret.
666 2006 763 2063 Quem
787 2008 812 2060 si
834 2005 993 2060 interficere
1016 2006 1152 2077 voluisset,

194 2092 315 2154 quante,
336 2082 443 2155 quoties
464 2081 641 2150 occasiones,
663 2078 747 2152 qudm
771 2081 923 2153 praeclarae,
945 2081 1077 2140 fuerunt!
1106 2083 1153 2140 Po·
1234 2071 1235 2102 ³

193 2159 294 2229 tuitne,
308 2157 374 2216 cdm
389 2159 502 2216 domum
517 2177 550 2214 ac
572 2156 649 2214 Deos
667 2167 783 2232 penates
805 2176 880 2228 suos,
896 2157 944 2214 illo
965 2171 1152 2236 oppugnante,

195 2237 367 2309 defenderet,
386 2237 448 2312 jure
470 2256 500 2293 sc
521 2235 644 2293 ulcisci?
663 2235 801 2312 potuitne,
816 2235 877 2291 cive
899 2238 1024 2312 egregio,
1049 2249 1078 2295 et
1099 2238 1153 2293 viro

143 2316 178 2369 25
196 2314 356 2384 fortissimo,
378 2316 408 2370 P.
425 2315 530 2384 Sextio,
553 2314 662 2386 collega
685 2333 745 2383 suo,
769 2313 936 2369 vulneretol
955 2316 1094 2388 potuitne,
1115 2315 1151 2374 Q.

196 2388 337 2458 Fabricio,
359 2391 418 2445 viro
436 2392 551 2462 optimo,
572 2387 639 2444 cum
670 2390 705 2444 de
736 2391 830 2444 reditu
851 2407 917 2444 meo
937 2390 1030 2462 legem
1060 2393 1152 2461 ferret,

193 2464 284 2538 pulso,
297 2465 491 2522 crudelissime
506 2466 537 2520 in
550 2465 608 2521 foro
622 2465 701 2520 caede
716 2464 810 2519 factftl
830 2464 968 2538 potuitne,
982 2465 1015 2520 L.
1032 2467 1153 2538 Coecilii,

190 2541 338 2615 justissimi
354 2542 549 2617 fortissimique
568 2541 704 2618 praetoris,
717 2541 879 2617 oppugnatft
901 2541 1004 2598 domol
1024 2545 1153 2618 potuitne

193 2619 240 2678 illo
267 2621 324 2694 die,
345 2619 412 2680 cbm
433 2633 476 2680 est
495 2621 550 2679 lata
578 2622 624 2678 lex
644 2622 679 2678 de
700 2622 765 2677 mel
786 2616 853 2677 cum
873 2619 958 2677 totius
978 2619 1067 2677 Italiae
1089 2639 1153 2678 con·
1235 2619 1236 2638 ¹

143 2703 178 2758 30
193 2717 302 2774 cursus,
313 2721 397 2776 quem
412 2720 476 2758 mea
489 2701 566 2758 salus
579 2700 746 2770 concitbrat,
761 2699 828 2756 facti
843 2699 917 2756 illius
931 2697 1050 2773 gloriam
1062 2698 1152 2754 libens
1235 2695 1236 2762 ξ

193 2781 370 2852 agnovisset:
391 2791 431 2847 ut,
446 2780 531 2834 etiam
545 2779 569 2832 si
584 2778 612 2832 id
637 2777 709 2832 Milo
724 2777 847 2844 fecisset,
862 2787 967 2832 cuncta
980 2777 1077 2833 civitas
1090 2793 1152 2832 eam

192 2853 304 2908 laudem
317 2871 367 2924 pro
381 2854 433 2905 sut
447 2853 611 2905 vindicaret.

231 2926 297 2980 XV.
338 2926 426 2997 Atqui
449 2935 509 2980 erat
532 2926 561 2980 id
582 2925 716 2997 temporis
738 2922 912 2980 clarissimus
933 2937 962 2981 et
986 2928 1152 2987 fortissimus

193 3002 300 3073 consul,
311 3002 444 3058 inimicus
456 3001 565 3073 Clodio,
577 3000 608 3057 P.
624 3000 773 3071 Lentulus,
784 3000 857 3056 ultor
868 3001 983 3058 sceleris
995 3003 1081 3077 illius,
1092 3027 1154 3081 pro-
1235 3065 1236 3076 ,

141 3085 176 3139 35
192 3092 331 3156 pugnator
345 3080 468 3150 senatds,
485 3081 616 3137 defensor
636 3089 735 3135 vestre
756 3077 914 3148 voluntatis,
928 3089 1063 3152 petronus
1078 3085 1154 3142 illius
1235 3087 1236 3094 ’

192 3160 298 3234 publici
313 3157 478 3224 consensus,
494 3158 634 3212 restitutor
656 3155 753 3210 salutis
775 3172 863 3221 meae;
886 3164 993 3228 septem
1007 3168 1153 3232 pretores,
1235 3205 1236 3210 ,

191 3245 255 3289 octo
281 3231 386 3286 tribuni
412 3231 511 3305 plebis,
532 3232 608 3286 illius
635 3230 795 3300 adversarii,
817 3230 979 3288 defensores
999 3233 1074 3304 mei;
1097 3238 1151 3296 Cn.

191 3308 342 3382 Pompeius
356 3319 452 3366 auctor
467 3318 495 3364 et
508 3308 566 3364 dux
580 3307 635 3363 mei
649 3306 766 3378 reditds,
779 3307 853 3364 illius
867 3309 971 3379 hostis;
993 3311 1080 3387 cujus
1090 3335 1153 3374 sen·
1235 3321 1236 3358 ³

190 3384 308 3442 tentiam
323 3399 436 3445 senatus
449 3387 541 3445 omnis
561 3387 597 3442 de
618 3385 707 3442 salute
729 3385 793 3442 med
815 3387 1009 3462 gravissimam
1024 3400 1053 3447 et
1072 3412 1151 3450 orua-

140 3461 326 3524 tutissimam
352 3478 465 3524 secutus
491 3475 550 3523 est:
571 3465 619 3540 qui
640 3464 775 3540 populum
799 3463 963 3522 Romanum
990 3468 1151 3526 cohortatus

189 3549 248 3606 est,
269 3542 327 3612 qui,
348 3539 415 3598 cdm
430 3546 465 3600 de
486 3563 531 3601 me
560 3545 705 3600 decretum
726 3542 832 3617 Capuae
861 3543 936 3613 fecit,
958 3545 1019 3618 ipse
1039 3557 1149 3604 cuncte

190 3615 279 3672 Itelie
305 3618 440 3689 cupienti,
468 3631 497 3676 et
524 3622 585 3694 ejus
612 3621 697 3676 fidem
724 3619 892 3694 imploranti,
919 3620 1033 3694 signum
1061 3623 1150 3694 dedit,

190 3703 230 3763 ut,
259 3693 294 3750 ad
321 3710 366 3746 me
393 3695 607 3766 restituendum,
636 3697 759 3752 Romam
786 3709 996 3756 concurrerent.
1042 3699 1151 3757 Omnia

189 3778 249 3826 tum
264 3769 385 3842 denique
399 3768 429 3824 in
446 3768 524 3824 illum
537 3772 603 3827 odia
623 3771 728 3827 civium
750 3771 888 3829 ardebant
908 3774 1051 3832 desiderio
1073 3776 1148 3834 me'i:
