2516 4204
159 405 216 465 140
457 397 594 450 ORATIO
608 399 645 449 IN
662 397 699 449 M.
717 394 915 449 Aurorttutt

207 543 232 600 si
244 539 328 598 mcdb
343 541 473 598 homines
492 552 568 612 sunt,
586 541 729 597 interdura
743 539 843 596 naumis
862 538 1029 596 relaxantur·
1048 527 1137 621 ‚uati

206 627 302 674 autem
327 619 402 674 idern
428 619 589 674 moestitiam
618 633 710 674 meam
735 616 923 690 reprehendit,
946 615 1022 670 idem
1044 621 1138 684 jocum?

206 712 311 768 magno
324 705 489 770 argumento
501 705 553 764 est,
567 712 613 750 me
627 694 657 749 in
671 703 786 766 utroque
800 693 886 748 luisse
899 691 1075 748 moderatum.

247 769 435 828 Hereditates
456 771 524 826 mihi
539 769 648 844 neghsti
669 769 772 825 venire.
813 769 928 825 Utinam
949 769 1003 824 hoc
1015 776 1088 822 tuum
1106 778 1141 816 ra·

172 855 191 907 5
207 865 270 904 rum
291 849 397 902 crimen
411 848 500 902 esset!
522 846 615 919 plures
639 845 723 901 amici
745 845 842 901 meist
862 843 1014 901 necessarii
1027 841 1141 896 virerent

207 923 265 978 Sed
285 922 334 994 qui
348 923 420 977 istuc
433 922 484 976 tibi
506 921 582 976 venit
596 922 626 976 ia
645 923 790 976 menteml
810 939 865 994 ego
877 921 956 977 enim·
977 917 1090 993 amplius
1099 912 1143 970 HS

206 998 355 1054 ducenties
381 1007 529 1070 acceptum
557 996 768 1052 hereditatibus
794 997 886 1053 retuli.
931 997 1097 1068 Quanquam
1120 989 1142 1044 iu

206 1073 261 1129 hou
280 1091 385 1148 genere
406 1074 493 1129 fateor
514 1073 666 1129 feliciorem
686 1089 749 1128 esse
762 1081 799 1127 te.
841 1071 891 1129 Me
912 1089 1010 1143 nemo,
1020 1070 1075 1127 nisi
1090 1065 1144 1123 ami·

207 1167 269 1220 cua,
295 1150 362 1206 lecit
383 1150 532 1219 heredem,
554 1159 594 1218 ut,
618 1161 684 1204 eum
706 1148 755 1204 illo
774 1147 931 1219 commodo,
952 1150 978 1206 si
1000 1147 1069 1224 quod
1088 1151 1144 1209 mal.
1227 1175 1228 1182 ¹

157 1233 192 1287 lo
208 1226 294 1280 animi
314 1226 429 1297 quidam
443 1225 521 1280 dolor
538 1225 720 1298 jungeretur:
741 1233 772 1280 te'
784 1225 818 1293 is,
832 1243 916 1297 quern
930 1235 962 1282 tu
985 1223 1074 1281 vidisti
1087 1235 1147 1276 nuu-

207 1317 300 1372 quam,
322 1300 355 1355 L.
382 1299 510 1355 Rubrius
532 1299 677 1368 cassinae,
701 1299 768 1356 fecit
794 1300 943 1356 heredem.
986 1302 1024 1358 Et
1049 1297 1148 1373 quiden

206 1375 279 1445 vide,
300 1374 385 1449 quim
400 1386 429 1431 te
450 1375 551 1431 amitit
566 1376 600 1445 ir,
620 1377 679 1448 qui,
698 1376 778 1432 albus
793 1385 887 1432 aterve
908 1377 1006 1448 tueris,
1021 1379 1148 1452 ignorans,

206 1451 298 1508 fratris
311 1452 400 1510 lilium
413 1453 565 1526 preteriit3
578 1451 620 1511 Q.
633 1451 723 1521 Furii,
738 1453 928 1510 honestissimi
942 1454 1044 1528 equitis
1057 1451 1150 1507 Roma·

207 1528 248 1599 ni,
262 1531 360 1602 suique
375 1529 549 1599 amicissimi,
567 1547 651 1602 quem
664 1527 758 1602 palum
772 1529 911 1599 heredem
933 1547 1043 1604 semper
1057 1523 1152 1584 lactiti-

157 1617 192 1670 15
207 1615 259 1675 rat,
278 1625 315 1662 ue
329 1620 432 1661 nomen
450 1607 564 1678 quidem
577 1605 757 1680 perscripsit;
777 1617 815 1675 te,
830 1625 912 1679 quem
931 1621 1074 1678 nunquam
1088 1601 1154 1658 vide·

207 1691 259 1750 rat,
283 1701 317 1736 ae
339 1699 483 1754 nunquam
505 1682 680 1751 salutaverat,
703 1681 770 1738 iecit
789 1683 937 1737 heredem.
978 1681 1073 1735 Velim
1091 1673 1155 1732 mihi
1228 1715 1229 1750 ,

208 1756 297 1827 dicas,
317 1758 373 1813 nisi
391 1757 542 1814 molestum·-
558 1769 610 1827 est,
631 1758 664 1814 L.
679 1756 826 1814 Turselius
839 1757 894 1830 qut
909 1756 980 1811 facie
996 1750 1156 1826 suerit,qui

209 1833 326 1904 staturi,
340 1850 396 1908 quc
408 1835 573 1909 municipio,
593 1836 650 1908 qut
664 1835 748 1891 tribu.
789 1833 870 1890 Nihil
883 1832 952 1902 scic,
972 1831 1093 1905 inquies,
1107 1827 1155 1884 nisi

208 1927 270 1982 que
283 1913 389 1984 predia
403 1912 540 1967 habuerit.
583 1909 683 1984 Igitur,
703 1911 816 1967 fratrem
830 1910 1022 1978 exheredans,
1038 1918 1067 1964 te
1081 1906 1156 1962 lucie·

157 1999 193 2052 20
209 1986 257 2040 bat
270 1987 418 2041 heredem.
459 1983 493 2039 In
509 1987 610 2040 multas
622 1995 758 2056 praeterea
779 1987 914 2057 pecunias
928 1985 1155 2041 alienissimorum

209 2060 366 2130 homiuum,
388 2060 486 2131 ejectis
499 2060 571 2114 veris
584 2060 752 2126 heredibus,
774 2071 906 2131 tanquam
921 2061 1012 2116 haeres
1026 2070 1109 2129 esset,
1122 2058 1156 2113 iu·
1229 2069 1230 2092 ³

208 2135 287 2190 rasit.
327 2135 500 2207 Quanquam
515 2135 570 2190 hoc
591 2130 712 2188 maximi
727 2133 970 2206 admiratussum,
991 2138 1155 2193 mentionem

208 2221 238 2268 te
257 2213 452 2268 hereditatum
475 2229 572 2266 ausum
594 2229 656 2266 esse
678 2209 782 2279 iacere,
803 2209 950 2285 cumipse
973 2214 1155 2270 hereditatem

208 2290 296 2362 patris
310 2309 369 2345 non
383 2288 498 2343 adisses.
975 2341 977 2344 .

156 2379 193 2434 25
247 2363 346 2418 XVII.
380 2364 453 2418 Haec
467 2375 498 2419 ut
511 2365 666 2436 colligeres,
686 2364 771 2419 homo
785 2363 986 2435 amentissime,
1006 2377 1048 2423 tot
1061 2367 1122 2423 dies
1133 2359 1156 2419 iu

207 2439 303 2494 alieni
316 2439 382 2494 villi
397 2439 561 2494 declamistl
574 2439 584 2492 l
603 2439 768 2510 quanquam
777 2449 808 2494 tu
822 2440 946 2511 quidem,
969 2439 1016 2514 (ut
1028 2444 1073 2499 tui
1089 2439 1156 2499 fami·

208 2515 349 2572 harrssrmr
376 2514 519 2591 (bebrant)
547 2514 609 2570 vini·
631 2513 791 2585 exhalandi,
816 2533 873 2572 non
900 2515 1008 2590 ingenii
1031 2517 1158 2586 acuendi,

209 2593 306 2664 causi,
321 2593 495 2650 declamitas.
535 2591 574 2648 Et
586 2589 654 2648 verb
669 2593 796 2662 adhibes,
808 2592 865 2666 joui
879 2594 976 2664 causi,
990 2597 1159 2670 magistrun,

210 2671 343 2746 suffragio
356 2682 406 2728 tuo
421 2681 450 2728 et
470 2681 660 2745 compotorum
674 2680 795 2741 tuorum,
809 2671 967 2737 rhetorem3
988 2672 1036 2727 cui
1051 2687 1162 2728 conces·
1230 2713 1231 2722 ,

158 2751 194 2804 ³0
208 2747 281 2820 sisti',
305 2750 384 2805 utin
406 2760 443 2818 te,
465 2767 526 2820 qum
546 2747 770 2815 vellet-diceret.
813 2747 930 2803 Salsum·
942 2749 1066 2804 omnino
1075 2746 1163 2803 homi·

209 2827 291 2881 nem!
312 2826 362 2878 sed
384 2825 500 2878 materia
522 2823 612 2876 facilis
634 2833 686 2890 est,
701 2823 730 2876 in
745 2833 772 2878 te
786 2833 815 2877 et
838 2823 868 2877 in
889 2834 957 2878 tuos
967 2825 1042 2880 dicta
1060 2824 1160 2890 dicere
1230 2829 1231 2832 ’

209 2899 288 2953 Vide
298 2907 402 2963 autem,
421 2897 492 2966 quid·
502 2896 575 2949 inter
595 2905 623 2949 te
637 2905 665 2950 et
679 2911 761 2949 avum
782 2906 863 2950 tuum
877 2898 995 2954 intersit.
1037 2897 1091 2956 llle
1105 2917 1162 2956 seru

209 2971 262 3029 sim
276 2971 398 3041 dicebat,
412 2971 485 3044 quod
500 2987 592 3026 cause
607 2971 769 3044 prodesset,
790 2981 821 3025 tu
836 2972 940 3027 cursim
954 2975 1028 3030 dicis
1043 2978 1145 3034 aliena.

248 3049 288 3107 At
308 3059 412 3122 quanta
426 3063 534 3105 merces
554 3047 656 3104 rhetori
676 3047 740 3103 data
753 3047 818 3104 esti
859 3047 974 3118 Audite,
995 3053 1102 3124 audite,
1117 3054 1163 3110 Pa·

157 3130 193 3186 ³5
209 3136 267 3184 tres
294 3125 471 3194 Conscripti;
501 3133 529 3179 et
555 3124 720 3196 cognoscite
746 3121 909 3194 reipublicae
933 3125 1055 3182 vulnera.
1100 3131 1162 3186 Duo

208 3203 296 3260 millia
314 3201 445 3271 jugerum
469 3198 568 3270 campi·
586 3198 720 3254 Leontini
743 3198 807 3252 Sex.
831 3197 932 3254 ctodio
951 3200 1056 3258 rhetori
1079 3207 1161 3280 assig-

209 3275 293 3344 ntsti,
308 3284 337 3330 et
358 3273 472 3349 quidem
486 3271 632 3341 immunia,
653 3283 693 3341 ut,
714 3291 764 3347 pro
777 3273 860 3330 tanti·
877 3277 1018 3348 mercede,
1037 3279 1109 3337 nihil
1124 3301 1161 3338 sa·

207 3369 274 3425 pere
288 3352 421 3410 disceres.
462 3348 540 3406 Num
558 3349 642 3405 etiam
656 3350 721 3420 hoc,
737 3350 820 3406 horno
836 3351 1035 3424 audacissime,
1051 3376 1087 3414 en
1102 3359 1160 3414 Ge·

193 3424 278 3484 'saris
299 3427 529 3488 commentariisl
563 3426 620 3485 Sed
642 3425 734 3486 dicam
756 3427 811 3484 alio
832 3427 897 3486 loco
915 3440 945 3486 et
967 3431 1003 3488 de
1023 3432 1161 3491 Leontius

158 3512 193 3566 40
209 3523 277 3580 agro
300 3517 329 3564 ct
348 3507 384 3562 de
405 3505 570 3580 Campanc;
591 3519 661 3577 quos
684 3505 737 3560 istc
755 3521 846 3578 agros,
861 3517 971 3580 ereptos
989 3509 1159 3584 reipublice,

207 3581 376 3654 turpissimis
396 3581 605 3653 possessoribus
629 3581 793 3662 inquinarit.
834 3581 897 3638 Jam
920 3583 1007 3654 euim,
1031 3585 1159 3659 quoniam

209 3655 376 3714 criminibus
389 3656 450 3726 ejus
463 3657 531 3711 saris
545 3659 684 3728 respondi,
699 3657 734 3711 de
749 3656 809 3730 ipso
821 3658 1003 3716 emendatore
1012 3672 1042 3717 st
1054 3675 1161 3718 correc-

209 3744 270 3794 tore
292 3741 387 3790 nostro
405 3731 533 3803 quaedam
553 3731 674 3790 dicenda
687 3742 768 3789 sunt-2
789 3746 844 3788 nec
864 3734 945 3794 euim
960 3737 1178 3796 'omniaomni-
