2516 4204
119 341 160 402 94
394 339 530 391 ORATIO
548 339 617 389 PRO
633 338 772 389 ARCHIA
788 330 913 388 POETA.

172 484 286 559 strepitu
301 481 453 556 reficiatur,
466 495 495 540 et
511 501 603 554 aures,
622 481 751 540 convicio
772 481 899 552 delesse,
913 477 1123 552 conquiescant.

171 562 219 618 An
234 572 265 618 tu
279 562 423 618 existimas
438 571 486 617 aut
499 571 646 636 suppetere
657 559 738 616 nobis
751 577 843 633 posse,
856 557 933 632 quod
946 556 1071 630 quotidie
1084 557 1126 613 di·

171 657 279 711 camus,
301 639 331 696 in
352 639 430 695 tantd
451 639 584 694 varietate
605 655 709 708 rerum,
731 637 786 692 nisi
808 635 916 692 animos
937 644 1046 690 nostros
1063 634 1127 690 doc·

171 716 246 774 trinh
259 717 440 786 excolamus3
462 729 511 772 aut
524 716 595 772 serre
616 715 724 772 animos
744 724 851 770 tantam
870 731 951 788 posse
972 711 1127 769 contentio-

137 803 155 854 5
172 813 249 866 nem,
262 795 319 851 nisi
333 813 382 851 eos
396 793 641 850 doetrinaetdem
655 792 832 849 relaxemusl
872 789 934 864 Ego
948 786 1014 845 verb
1029 789 1125 860 fateor,

171 891 218 928 me
238 873 282 926 his
302 871 401 926 studiis
422 889 485 926 esse
501 870 636 925 deditum.
678 870 802 926 Caetercs
816 869 930 942 pudeat,
944 867 967 922 si
981 865 1030 940 qui
1044 867 1083 923 ita
1096 886 1126 922 se

171 948 259 1004 literis
274 945 451 1016 abdiderunt,
465 956 496 1002 ut
509 945 579 1001 nihil
593 947 702 1020 possint
716 965 752 1001 ex
773 947 817 1001 his
836 963 928 1019 neque
948 944 984 1000 ad
1005 939 1127 1000 commu-

101 1035 107 1064 *
171 1041 238 1080 nem
250 1023 348 1080 afferre
360 1023 491 1094 fructum,
503 1041 594 1097 neque
606 1023 635 1078 in
648 1023 813 1098 adspectum
826 1023 977 1095 lucemque
987 1021 1126 1096 proferre:

172 1119 218 1157 me
232 1112 325 1158 autem
339 1101 406 1174 quid
420 1101 534 1175 pudeat,
548 1100 596 1174 qui
609 1110 651 1156 tot
665 1119 754 1158 annos
768 1101 808 1156 ita
821 1099 891 1169 vivo,
904 1099 1026 1174 judices,
1041 1108 1080 1168 ut,
1092 1099 1127 1154 ab

123 1187 157 1242 lo
172 1178 276 1234 nullius
290 1196 412 1251 unquam
428 1197 472 1232 me
486 1189 612 1251 tempore
627 1188 677 1234 aut
697 1178 854 1247 commodo,
870 1187 918 1232 aut
930 1176 1018 1232 otium
1033 1193 1127 1232 meum

171 1255 347 1386 pbstrareriq
361 1263 410 1309 aut
423 1254 549 1330 voluptas
569 1255 704 1328 avocarit,
719 1265 767 1310 aut
781 1254 904 1328 denique
917 1272 1032 1311 somnus
1045 1262 1128 1310 retar-

191 1330 264 1387 tritt

208 1407 308 1468 Quare
328 1407 391 1481 quis
411 1407 526 1463 tandem
547 1427 593 1464 me
613 1407 810 1483 reprehendat,
832 1417 880 1465 aut
894 1411 957 1482 quis
976 1409 1046 1464 mihi
1064 1409 1129 1481 jure

172 1494 347 1555 succenseat,
362 1485 396 1555 si,
411 1495 548 1558 quantum
562 1487 681 1556 ceteris,
695 1487 731 1542 ad
746 1505 811 1542 suas
821 1505 867 1542 res
876 1487 1031 1555 obeundas,
1042 1503 1131 1558 quan-

122 1577 156 1629 15
172 1573 233 1620 tum
254 1563 289 1619 ad
303 1561 388 1619 festos
409 1563 470 1618 dies
483 1562 614 1620 ludorum
636 1563 831 1635 celebrandos,
852 1574 989 1637 quantum
1010 1563 1045 1618 ad
1059 1561 1132 1617 alias

173 1640 337 1713 voluptates,
358 1639 436 1696 etad
452 1640 541 1714 ipsam
561 1641 687 1712 requiem
702 1641 788 1696 animi
809 1651 837 1695 et
851 1640 981 1711 corporis,
996 1639 1134 1695 concedi-

171 1727 216 1772 tur
230 1727 403 1792 temporum;
424 1728 559 1790 quantum
573 1717 620 1772 alii
634 1717 762 1772 tribuunt
782 1714 953 1788 'tempestivis
973 1715 1135 1786 conviviis3

172 1804 309 1867 quantum
330 1795 452 1868 denique
466 1794 543 1864 alere,
557 1804 693 1868 quantum
706 1793 786 1868 pilae;
807 1801 916 1848 tantum
929 1789 999 1845 mihi
1013 1803 1135 1864 egomet

173 1872 209 1928 ad
222 1872 284 1930 haec
298 1872 391 1929 studia
410 1872 560 1929 recolenda
580 1871 746 1946 sumpserol
787 1869 881 1944 Atque
901 1868 958 1925 hcc
971 1863 1044 1923 adeb
1058 1869 1133 1925 mihi

121 1963 157 2018 20
174 1951 390 2006 concedendum
410 1960 453 2004 est
467 1949 567 2022 magis,
589 1945 675 2021 qudd,
689 1967 725 2004 ex
746 1945 791 2002 his
811 1947 922 2017 studiis,
937 1945 998 2001 haec
1018 1963 1131 2019 quoque

173 2036 304 2081 censetur
324 2025 413 2079 oratio
426 2033 455 2078 et
469 2023 602 2090 facultas;
624 2041 695 2094 quae,
711 2034 928 2096 quantacunque
943 2023 973 2078 in
987 2041 1044 2093 me,
1059 2039 1134 2079 nun·

172 2119 257 2174 quam
271 2101 427 2157 amicorum
441 2098 574 2173 periculis
588 2099 685 2154 deluit.
719 2098 795 2158 Quae
810 2099 834 2155 si
848 2100 896 2155 cui
906 2099 993 2156 levior
1004 2101 1132 2169 videtur;

173 2179 221 2236 illa
234 2177 348 2253 quidem
368 2172 456 2247 certd,
477 2193 540 2250 quse
554 2193 664 2232 summa
677 2186 753 2247 sunt,
767 2195 803 2232 ex
823 2195 879 2250 quo
896 2176 972 2234 sonte
994 2177 1133 2247 hauriam,

174 2257 272 2314 sentio.
314 2255 399 2327 Nam,
413 2254 469 2310 nisi
483 2253 634 2312 multorum
648 2253 797 2328 praeceptis
815 2254 964 2328 multisque
978 2255 1066 2310 literis
1079 2254 1135 2309 mi-

122 2351 157 2403 25
174 2335 204 2390 hi
219 2336 255 2390 ab
274 2331 464 2390 adolescentie
484 2332 644 2399 suasissem,
665 2331 736 2386 nihil
757 2349 819 2386 esse
839 2331 869 2386 in
884 2331 941 2387 vitai
963 2349 1134 2406 magnopere

174 2409 374 2485 expetendum,
394 2408 450 2462 nisi
470 2407 583 2461 laudern
604 2418 686 2477 atque
707 2407 883 2460 honestatem
894 2425 902 2472 ;
929 2407 959 2462 in
980 2407 1015 2462 ed
1037 2419 1136 2464 autem

173 2485 368 2565 persequendd
381 2501 479 2541 omnes
493 2482 637 2538 cruciatus
657 2481 792 2556 corporis,
807 2480 904 2537 omnia
916 2481 1044 2556 pericula
1059 2503 1137 2540 mor·

174 2565 211 2624 tis
229 2575 311 2640 atque
332 2561 435 2631 exsilii,
454 2559 533 2636 parvi
554 2578 616 2616 esse
629 2557 778 2628 ducenda3
799 2575 943 2631 nunquam
957 2577 1013 2629 me,
1027 2577 1078 2632 pro
1092 2579 1138 2617 sa·

175 2644 233 2700 lute
248 2641 350 2713 vestri,
366 2641 396 2699 in
409 2650 450 2698 tot
463 2657 497 2696 ac
510 2648 601 2696 tantas
616 2637 821 2708 dimicationes,
836 2646 918 2711 atque
932 2636 962 2692 in
977 2636 1027 2692 hos
1040 2636 1138 2711 profli-

124 2725 160 2780 30
176 2733 304 2797 gatorum
324 2720 470 2777 hominum
497 2717 673 2791 quotidianos
701 2716 832 2790 impetus,
860 2714 1033 2790 objecissem.
1075 2713 1139 2770 Sed

175 2800 252 2874 pleni
266 2815 364 2853 omnes
379 2805 444 2849 sunt
457 2793 530 2860 libri,
544 2793 635 2864 plenas
654 2793 823 2863 sapientium
839 2810 931 2860 voces,
943 2791 1027 2865 plena
1042 2808 1140 2850 uem-

175 2875 284 2947 plcrum
298 2879 435 2932 vetustam
456 2883 518 2938 quae
531 2865 660 2936 jacerent
674 2865 703 2919 in
717 2865 841 2918 tenebris
854 2867 959 2934 omnia,
974 2867 1028 2922 nisi
1043 2867 1140 2924 litera·

175 2965 238 3003 rum
259 2945 355 3001 lumen
376 2940 532 2998 accederet.
572 2936 672 2998 Quam
691 2938 794 2994 multas
815 2939 896 2993 nobis
912 2939 1062 3011 imagines,
1077 2963 1140 3002 non

176 3019 267 3080 solhm
281 3017 507 3089 adiumentum,
521 3012 620 3072 verbm
633 3015 719 3073 etiam
734 3015 769 3072 ad
783 3013 961 3086 imitandum,
973 3015 1141 3078 fortissimo-

125 3109 160 3162 35
176 3121 239 3158 rum
253 3101 375 3157 virorum
388 3113 532 3171 expressas
546 3095 694 3168 scriptores
712 3103 740 3149 et
754 3091 847 3149 Graeci
862 3101 890 3149 et
909 3091 1004 3150 Latini
1018 3095 1140 3170 relique-

177 3179 258 3238 runtl
280 3193 349 3248 quas
362 3191 416 3245 ego
426 3172 495 3226 mihi
510 3189 619 3244 semper
633 3171 663 3226 in
678 3169 900 3226 administrandh
914 3171 1059 3246 republicis
1072 3191 1140 3248 pro-

176 3270 294 3330 ponens,
306 3249 430 3305 animum
444 3257 472 3303 et
482 3255 606 3302 mentem
620 3265 712 3304 meam
726 3246 788 3322 ipsh
802 3247 972 3322 cogitatione
987 3249 1137 3307 hominum

177 3327 375 3386 excellentium
389 3323 604 3383 conformabam.

217 3406 285 3465 VII.
311 3405 430 3467 Quaeret
449 3401 596 3478 quispiam,
616 3401 719 3464 Quidt
740 3403 781 3460 illi
795 3403 849 3480 ipsi
870 3405 972 3463 summi
987 3405 1050 3477 viri,
1069 3423 1140 3479 quo·

58 3487 73 3544 7
128 3496 162 3551 4ο
178 3504 241 3542 rum
261 3486 378 3544 virtutes
398 3483 486 3540 literis
506 3480 623 3570 proditas
645 3492 720 3552 sunt,
741 3481 833 3538 iatine
852 3483 991 3554 doctrind,
1006 3501 1089 3557 quam
1104 3493 1140 3538 tu

178 3563 309 3622 laudibus
329 3562 421 3632 effers,
435 3559 538 3617 eruditi
560 3559 693 3616 fuerunt?
733 3557 857 3618 Difficile
871 3571 913 3616 est
927 3561 980 3617 hoc
995 3562 1030 3616 de
1045 3559 1142 3616 omni·

179 3641 232 3696 bus
252 3638 435 3696 confirmare:
464 3638 513 3692 sed
535 3645 630 3694 tamen
650 3647 695 3694 est
713 3647 831 3706 certum,
852 3636 920 3709 quid
940 3638 1140 3711 respondeam.

179 3717 241 3794 Ego
262 3714 363 3772 multos
383 3713 512 3768 homines
533 3713 682 3770 excellenti
702 3713 797 3768 animo
817 3729 851 3768 ac
865 3713 964 3770 virtute
986 3714 1082 3785 suisse,
1097 3721 1140 3784 et,

179 3796 241 3854 sino
255 3788 392 3861 doctrina,
407 3797 514 3846 natura
527 3787 616 3864 ipsius
630 3789 727 3846 habitu
740 3785 826 3864 prope
847 3789 950 3861 divino,
964 3809 1015 3867 per
1029 3791 1143 3866 seipsos

509 4019 530 4065 ,ἦ

1232 3832 1245 3853 l

530 3935 546 3973 ,s
702 3921 750 4052 ψψ
862 4145 875 4191 .„
1027 3883 1245 4192 *l
