2516 4204
357 261 491 313 otterto
506 259 576 312 PRO
591 263 729 314 ARCHIA
745 263 870 316 rom.
1105 265 1145 330 Μ

143 415 167 464 et
178 404 334 462 moderatos
347 412 375 460 et
387 421 488 478 graves
501 404 650 475 exstitisse,
662 405 763 464 fateor:
783 406 869 464 etiam
879 403 948 464 illud
958 405 1096 482 adjungo,

143 482 241 540 seius
268 481 303 536 ad
322 481 434 536 laudem
462 491 546 554 atque
567 481 697 540 virtutem
724 493 853 539 naturam
874 483 934 540 sine
954 483 1095 556 doctriua,
1134 527 1138 536 .

144 578 222 634 quam
235 557 296 618 sine
309 557 410 614 neturd
424 557 547 614 valuisse
561 557 726 629 doctrinam.
767 561 861 634 Atque
875 561 951 618 idern
964 579 1017 636 ego
1027 579 1098 618 cou-

61 647 65 654 '
144 637 230 708 tendo,
251 632 318 692 crim
332 635 368 690 ad
388 643 519 690 naturam
538 632 672 690 eximidm
694 646 776 709 etque
793 637 928 694 illustrem
942 639 1095 697 accesserit
1121 632 1127 643 '

142 714 205 770 ratio
216 713 346 787 quedam
361 709 599 784 conformatioque
612 712 760 784 doctrine,
770 723 830 772 tum
841 713 909 772 illud
919 714 1017 770 nescio
1025 715 1094 788 quid
1115 721 1133 774 5

141 791 303 867 preclarum
323 807 358 864 ec
370 787 514 863 'singulare
535 788 625 844 solere
646 789 797 846 exsistere:
818 807 854 846 ex
868 791 922 847 lroc
942 808 1004 847 esse
1019 792 1096 848 hunc

142 885 267 936 numero,
287 883 373 938 quem
398 876 488 939 patres
508 865 596 922 nostri
616 863 756 936 viderunt,
784 867 911 923 divinum
938 867 1094 939 homiuem,

145 944 325 1010 Africanum3
346 960 381 998 ex
394 942 447 1000 hoc
466 941 500 998 C.
514 941 645 1012 Lelium,
664 940 696 997 L.
712 941 840 1014 Furium,
857 945 1094 1004 moderatissimos

145 1021 269 1078 homines
289 1029 324 1076 et·
336 1019 610 1087 continentissImos3
632 1037 668 1074 ex
688 1019 743 1076 hoc
756 1019 937 1076 fortissimum
952 1021 1052 1092 virum,
1066 1031 1095 1078 et

36 1105 40 1112 '
144 1098 194 1154 illis
213 1097 386 1172 temporibus
405 1087 608 1167 doctissimum,
645 1093 685 1152 M.
708 1095 846 1154 Catonem
874 1096 952 1154 illum
979 1107 1144 1166 senem510

141 1175 193 1248 qui,
213 1171 350 1249 prolectd,
375 1174 398 1230 si
426 1173 497 1230 nihil
518 1174 553 1230 ad
580 1172 791 1248 percipiendam
819 1173 1021 1249 colendamque
1041 1174 1094 1234 vir-

139 1263 223 1309 tutem
244 1251 334 1308 literis
354 1251 560 1326 adjuvarentur,
582 1267 726 1327 nunquam
747 1269 777 1308 ss
798 1251 834 1308 ad
854 1269 951 1308 earum
969 1251 1094 1309 studium

141 1329 390 1468 oothqlgqsesqt.non
410 1407 458 1462 hic
477 1416 572 1463 tantus
585 1405 692 1462 fructus
705 1407 909 1477 ostenderetur,
922 1417 952 1464 et
964 1408 987 1464 si
1001 1425 1037 1464 ex
1051 1407 1095 1464 lris

31 1458 33 1462 Ι
64 1475 66 1480 ’
141 1485 239 1540 studiis
252 1483 402 1539 delectatio
415 1483 473 1538 sola
485 1493 641 1556 peteretur3
663 1493 759 1540 tamen
771 1481 816 1558 (ut
825 1483 939 1558 opinor)
950 1485 1025 1540 hauc
1037 1483 1096 1550 ani·
1112 1493 1145 1546 15

141 1560 180 1617 mi
195 1557 417 1635 [remissionem]
433 1560 662 1616 humanissimam
676 1578 711 1616 nc
721 1559 946 1616 liberalissimam
957 1559 1097 1635 judicare·

141 1638 184 1694 tis.
224 1635 302 1694 Nam
317 1647 417 1694 cetera
429 1655 520 1710 neque
539 1648 695 1712 temporum
717 1645 784 1693 sunt
803 1655 896 1711 aeque
910 1647 1023 1694 etatum
1038 1653 1097 1694 om·

138 1715 227 1786 nium,
248 1729 342 1789 neque
362 1714 502 1772 locorum:
531 1715 593 1772 brec
613 1715 706 1770 studia
735 1713 954 1771 adolescentiam
976 1711 1093 1804 [alunt]

94 1837 97 1840 .
139 1789 315 1848 senectutem
334 1791 485 1860 oblectant,
505 1792 645 1848 secundas
657 1811 702 1848 res
715 1802 825 1862 ornant,
840 1791 964 1848 adversis
976 1791 1097 1880 perfugi·

139 1885 188 1924 um
199 1886 235 1924 ac
247 1868 377 1924 solatium
389 1868 525 1941 prebent,
536 1867 676 1925 delectent
685 1869 772 1939 dornI,
783 1887 841 1926 non
852 1868 1010 1944 impediunt
1021 1867 1097 1937 sorte,
1112 1875 1146 1932 ω

136 1955 305 2020 pernoctant
325 1945 482 2015 nobiscum,
503 1945 727 2020 peregrinantur,
747 1946 928 2004 rusticanter.
968 1941 1058 2006 Qudd
1072 1945 1096 2002 si

81 2039 85 2045 ·
136 2023 189 2098 ipsi
200 2024 262 2080 hec
272 2041 364 2096 neque
375 2023 513 2098 attingere
522 2041 614 2098 neque
624 2041 710 2080 sensu
718 2035 813 2081 nostro
820 2035 933 2099 gustare
941 2041 1096 2100 possemus,

136 2111 230 2158 tamen
244 2120 278 2160 ea
291 2101 387 2158 mirari
401 2101 580 2171 deberemus,
592 2101 677 2158 etiam
691 2098 759 2158 cirrn
773 2101 803 2158 iu
817 2101 880 2158 eliis
893 2101 1061 2158 rideremus.

173 2178 260 2234 VIII.
294 2177 371 2238 Quis
392 2177 519 2234 nostrirm
540 2189 599 2234 tem
620 2179 714 2235 animo
734 2180 837 2253 agresti
851 2197 885 2234 ac
905 2177 976 2234 duro
990 2177 1052 2246 luit,
1066 2189 1098 2234 ut

136 2254 240 2311 Roscii
253 2265 343 2313 morte
356 2273 446 2328 nuper
460 2273 518 2310 non
529 2258 769 2313 commovereturl
789 2256 836 2329 qui
847 2251 913 2312 crim
925 2263 1000 2312 esset
1010 2261 1098 2310 senex
1112 2263 1147 2316 25

133 2341 272 2402 mortuus,
293 2341 399 2402 minen,
419 2341 531 2406 propter
551 2333 737 2390 excellentem
757 2344 845 2390 artem
860 2351 895 2390 ac
912 2341 1096 2402 venustatem,

132 2408 282 2466 videbatur
301 2409 419 2466 omnino
438 2409 510 2466 mori
531 2427 588 2466 non
609 2410 751 2468 debuisse.
792 2409 868 2486 Ergo
895 2410 942 2467 ille
974 2410 1097 2484 corporis

130 2497 213 2542 motu
232 2497 343 2544 tantum
364 2505 488 2544 amorem
502 2487 556 2542 sibi
571 2487 736 2544 conciliaret
750 2487 862 2544 anobis
876 2486 1022 2555 omnibus;
1044 2505 1096 2544 nos

132 2563 296 2618 animorum
309 2563 492 2618 incredibiles
502 2572 594 2618 motus
603 2562 830 2638 celeritatemque
841 2564 1017 2638 ingeniorum
1029 2581 1097 2638 neg·

131 2638 280 2714 ligemusl
325 2636 447 2696 Quoties
467 2655 521 2709 ego
540 2637 618 2694 hunc
638 2639 772 2698 Archiam
793 2641 860 2709 vidi,
879 2639 1000 2714 judices,
1022 2638 1097 2712 (utar
1112 2650 1146 2702 30

129 2716 215 2772 enim
236 2712 330 2770 vestre
351 2712 535 2787 benignitate,
556 2714 685 2787 quoniam
706 2735 760 2788 me,
782 2718 812 2774 in
834 2717 888 2773 hoc
908 2733 980 2774 novo
993 2733 1097 2790 genere

129 2792 266 2862 dicendi,
280 2801 337 2848 tam
352 2790 502 2865 diligenter
512 2791 668 2871 attenditis)
680 2792 790 2868 qu‘oties
801 2813 854 2869 ego
865 2794 941 2850 hunc
953 2791 1018 2864 ridi,
1030 2789 1097 2850 citm

126 2870 247 2927 literam
268 2867 425 2944 scripsisset
445 2868 562 2940 nullam,
590 2889 725 2946 magnum
752 2889 902 2928 numerum
928 2871 1096 2946 optimorum

125 2967 266 3005 versuum
287 2948 323 3004 de
345 2947 390 3004 his
410 2945 480 3020 ipsIs
501 2947 586 3015 rebus
606 2967 668 3021 quer
688 2959 749 3006 tum
771 2959 931 3022 agerentur,
952 2949 1046 3006 dicere
1061 2967 1097 3005 ex

123 3026 274 3102 ternpore!
295 3024 408 3099 quoties
420 3035 582 3080 revocatum
597 3026 717 3082 eandem
728 3043 788 3082 rem
800 3025 906 3092 dicere,
917 3025 1097 3080 commutatis
1111 3041 1146 3093 35

121 3105 224 3161 verbis
238 3115 324 3178 atque
338 3101 504 3160 sententiisl
524 3120 588 3176 que
598 3100 665 3160 verb
677 3099 810 3176 accurate
823 3095 1000 3175 cogitateque
1011 3099 1098 3174 scrip·

121 3181 227 3250 sisset,
240 3200 276 3238 ee
295 3181 338 3237 sic
351 3180 411 3236 vidi
424 3179 547 3254 probari,
569 3190 601 3236 ut
615 3180 651 3236 ad
663 3189 790 3236 veterum
804 3178 970 3252 scriptorum
983 3176 1097 3234 laudern

122 3253 342 3330 pervenirent'
366 3257 455 3314 Hunc
476 3275 530 3332 ego
550 3275 608 3314 non
629 3257 766 3330 diligaml
792 3273 850 3312 non
871 3254 1012 3312 admirerl
1038 3271 1097 3312 non

121 3331 214 3390 omni
228 3332 336 3388 ratione
349 3333 558 3392 defendendum
573 3335 688 3408 puteml
728 3353 734 3364 ·
1000 3381 1003 3387 .

109 3441 128 3458 «-
172 3408 267 3482 Atqui
288 3409 331 3464 sic
350 3427 368 3464 e
388 3411 503 3468 summis
523 3410 686 3468 hominibus
709 3407 963 3484 eruditissImisque
989 3410 1098 3485 accepi·
1112 3425 1147 3476 40

118 3505 213 3558 mus,
232 3495 397 3542 ceterarum
418 3505 512 3544 rerum
533 3487 683 3556 studia-et
698 3483 836 3556 doctrine,
856 3495 885 3542 et
898 3487 1055 3562 preceptis,
1070 3495 1098 3540 et

118 3576 192 3624 erte
215 3573 362 3632 constare3
383 3567 497 3639 podtam
511 3561 615 3620 nature
635 3563 695 3637 ipsd
713 3547 818 3632 valereff
834 3573 863 3621 et
876 3565 979 3622 mentis
993 3563 1098 3618 vlribus

116 3641 265 3713 excitari,
288 3650 317 3698 et
329 3643 406 3714 quasi
420 3641 519 3699 divino
540 3638 662 3714 quodem
677 3639 778 3714 spiritu
792 3639 893 3698 inlleri.
932 3640 1033 3698 Quare
1046 3647 1098 3708 ευρ

114 3719 192 3794 jure
213 3729 314 3782 noster
329 3717 378 3776 ille
392 3717 506 3776 Ennius
527 3723 642 3772 sanctos
662 3715 784 3787 appella
795 3719 904 3788 poetas,
925 3709 1003 3781 qudd
1015 3713 1096 3767 ΨΜ
