2516 4204
329 270 464 321 ORATIO
481 271 550 322 PRO
565 271 598 323 Τ.
615 273 726 324 ANNIO
742 275 889 328 mooun.
1084 285 1137 342 lll

123 433 211 492 quem
225 414 250 472 si
265 413 312 486 qui
322 424 382 469 mm
396 413 595 485 interemisset,
606 433 664 472 non
678 416 714 474 de
728 418 894 493 impunitate
904 419 975 494 ejus,
985 420 1038 478 sed
1052 421 1088 478 de

123 493 261 570 praemiis,
276 490 452 564 cogitaretur.

166 569 278 624 Tamen
293 586 324 623 se
338 565 410 623 Milo
431 566 580 638 continuit,
594 579 623 624 et
642 568 673 624 P.
688 569 820 627 Clodium
834 571 869 628 ed
880 571 1018 646 judicium
1032 573 1085 646 bis,

126 647 162 703 ad
185 647 240 702 vim
261 661 418 717 nunquam,
434 644 549 700 vocavit.
590 641 692 704 Quill
719 648 828 720 privato
849 647 966 720 Milone,
986 661 1016 707 et
1036 669 1086 709 reo

123 725 159 779 ad
180 722 326 797 populum,
348 730 501 776 accusante
523 719 555 776 P.
576 720 688 792 Clodio,
709 719 776 780 edm
798 723 828 780 in
850 725 905 782 Cn.
920 725 1085 800 Pompeium
1118 735 1136 788 δ

123 819 173 876 pro
187 799 297 855 Milone
310 798 454 853 dicentem
466 797 588 870 impetus
601 797 691 853 iaetus
704 811 762 866 est;
783 817 846 872 quse
857 811 916 857 tum
928 819 986 858 non
1001 799 1085 860 modd

125 877 250 945 occasio,
261 875 312 930 sed
323 873 409 929 etiam
419 890 514 943 cansa,
525 873 601 929 illius
611 875 785 948 opprimendi
797 877 865 934 fuiti
896 876 997 952 Nuper
1007 875 1083 950 verb,

127 950 196 1008 oiim
211 951 252 1008 M.
275 950 417 1006 Antonius
430 968 567 1005 summam
587 969 666 1024 spem
687 951 784 1008 salutis
806 954 887 1010 bonis
899 955 1032 1012 omnibus
1045 965 1085 1013 at·

128 1030 246 1098 tulisset,
259 1027 506 1102 gravissimamque
527 1025 695 1084 adolescens
716 1030 908 1086 nobilissimus
920 1032 1084 1105 reipublicae

125 1117 232 1182 partem
255 1100 407 1162 fortissime
429 1104 609 1178 suscepisset,
631 1115 714 1178 atque
739 1105 816 1162 illam
840 1107 971 1178 belluam,
982 1107 1084 1182 judicii
1100 1113 1134 1170 lo

124 1183 238 1256 laqueos
252 1182 453 1251 declinantem,
464 1181 523 1255 jam
543 1181 679 1238 irretitam
700 1191 825 1252 teneret;
845 1185 892 1257 qui
907 1184 995 1254 locus,
1009 1184 1083 1258 quod

122 1271 233 1335 tempus
248 1259 317 1316 illud
334 1257 396 1332 (Dii
411 1257 582 1314 immortales
592 1258 614 1334 l)
631 1257 697 1314 fuiti
738 1256 814 1315 Ciam
827 1278 859 1316 se
873 1260 920 1316 ille
931 1261 1042 1335 fugiens
1052 1261 1082 1318 in

121 1338 262 1393 scalarum
275 1336 407 1393 tenebras
421 1335 583 1405 abdidisset,
598 1353 732 1409 magnum
748 1334 851 1393 Miloni
870 1337 922 1394 luit
942 1337 1083 1396 conficere

122 1414 199 1470 illam
212 1425 321 1487 pestem
334 1412 412 1468 nulld
426 1413 478 1467 suia
491 1412 607 1478 invidia,
620 1411 740 1470 Antonii
756 1410 821 1468 verb
836 1413 958 1466 maximi
972 1414 1083 1486 gloritl

122 1490 222 1548 Quidt
243 1489 366 1541 comitiis
379 1489 409 1538 ln
423 1489 532 1556 Campo
545 1484 652 1556 quoties
672 1495 796 1558 potestas
810 1485 878 1542 fuit!
899 1483 967 1542 edm
989 1488 1035 1544 ille
1057 1487 1083 1544 vi
1099 1497 1133 1552 15

123 1563 155 1620 in
175 1563 262 1636 Septa
283 1562 436 1634 irrupisset,
450 1559 557 1634 gladios
576 1560 796 1634 distringendos,
809 1561 917 1636 lapides
927 1563 1083 1636 jaciendos,

121 1641 252 1697 currisset
262 1658 271 1707 ;
292 1638 396 1694 deinde
407 1633 511 1706 subitd,
523 1636 599 1692 vultu
614 1635 730 1694 Milonis
740 1638 912 1712 perterritus,
924 1639 1033 1714 iirgeret
1046 1641 1082 1698 ad

121 1715 268 1784 Tiberim3
289 1735 348 1786 vos,
368 1727 398 1772 et
417 1731 517 1772 omnes
539 1714 605 1770 boni
625 1724 688 1771 vota
709 1713 847 1786 faceretis,
868 1725 898 1772 ut
919 1715 1020 1774 Miloni
1040 1717 1081 1775 uti

122 1795 227 1849 virtute
241 1793 294 1848 sub
306 1794 414 1848 liberet.

163 1868 247 1926 XVI.
288 1868 386 1928 Quem
412 1867 496 1940 igitur
519 1885 586 1923 cum
611 1870 738 1926 omnium
764 1870 855 1944 gratib
878 1871 980 1942 noluit,
1004 1871 1133 1937 hunam

119 1947 209 2005 voluit
235 1963 301 2002 curn
330 1945 484 2022 aliquorum
510 1941 644 2018 querelitl
682 1946 780 2007 Quem
804 1947 877 2022 jure,
898 1965 982 2022 quem
1009 1947 1082 2022 Ιοοο,

117 2044 203 2100 quem
224 2035 360 2098 tempore,
374 2040 456 2096 quern
479 2019 607 2096 impune,
622 2041 679 2080 non
701 2034 745 2080 est
766 2041 861 2096 ausus,
876 2025 952 2081 hune
967 2025 1082 2101 injurii,

117 2103 215 2175 iniquo
240 2101 314 2170 loco,
328 2099 422 2156 alieno
447 2110 584 2172 tempore,
598 2099 726 2172 periculo
750 2102 860 2176 eapitis,
876 2099 932 2157 non
946 2102 1082 2160 dubitavit

116 2179 270 2235 occideret
291 2177 457 2250 prasertim,
476 2175 598 2248 judiees,
617 2172 684 2232 crim
707 2177 822 2234 honoris
836 2176 1002 2250 amplissimi
1017 2195 1082 2233 con-

116 2255 218 2322 tentio,
237 2264 267 2308 et
291 2254 353 2307 dies
376 2252 556 2306 comitiorum
581 2252 708 2308 subesset
719 2273 727 2320 ;
748 2271 804 2326 quo
828 2253 942 2326 quidem
956 2263 1082 2327 tempore
1095 2263 1131 2318 25

119 2329 199 2406 (scio
218 2330 306 2398 enim,
327 2326 412 2402 quam
433 2325 532 2382 timida
559 2327 596 2383 sit
617 2329 747 2399 ambitio,
767 2342 927 2403 quantaque
947 2340 976 2385 et
995 2327 1081 2403 quim

115 2407 237 2465 sollicita
258 2406 398 2481 cupiditas
419 2401 596 2480 consulatirs)
611 2406 708 2461 omnia
728 2425 785 2462 non
806 2404 900 2477 rnodd,
913 2425 976 2480 quse
989 2425 1082 2482 repre·

116 2485 205 2541 hendi
218 2481 323 2558 pelam,
337 2483 388 2538 sed
401 2481 487 2536 etiam
500 2499 562 2554 quae
575 2479 696 2538 obscure
721 2484 839 2557 cogitari
857 2494 986 2558 possunt,
1001 2485 1080 2540 time·

116 2579 202 2626 mus3
223 2577 378 2626 rumorem,
391 2557 515 2612 fabulam
529 2557 634 2626 fictam,
645 2559 741 2614 falsam
756 2561 1011 2634 perhorrescimus;
1031 2579 1081 2617 ora

114 2636 250 2694 omnium
265 2644 350 2706 atque
364 2631 463 2688 oculos
477 2632 627 2686 intuemur.
668 2633 747 2691 Nihil
767 2637 845 2692 enim
859 2647 902 2692 est
915 2646 972 2690 tam
986 2635 1080 2705 molle,
1094 2645 1131 2700 30

116 2725 176 2770 tam
200 2723 346 2779 tenerum,
360 2718 417 2764 tam
437 2717 484 2762 aut
507 2707 604 2781 fragile
628 2720 676 2766 aut
699 2709 830 2783 flexibile,
845 2709 930 2785 quarn
954 2711 1081 2766 voluntas

116 2809 189 2865 erga
215 2807 278 2857 nos,
305 2801 469 2858 sensusque,
496 2785 618 2852 civinm3
637 2787 686 2861 qui
713 2807 770 2845 non
799 2785 883 2846 modd
910 2786 1080 2864 improbitati

116 2868 279 2924 irascuntur
292 2863 515 2934 candidatorum,
529 2863 579 2918 sed
600 2864 684 2922 etiam
699 2865 730 2921 in
752 2864 829 2923 recte
845 2865 926 2924 factis
939 2883 1013 2942 saepe
1028 2863 1081 2922 ias·

115 2945 230 3001 tidiunt.

153 3021 243 3078 Hunc
259 3021 335 3076 diem
351 3019 438 3093 igitur
452 3017 562 3092 Campi,
577 3029 719 3092 speratum
735 3029 817 3091 atque
840 3029 1011 3092 exoptatum,
1025 3021 1080 3076 sibi
1094 3035 1129 3088 35

113 3117 273 3172 proponens
292 3095 374 3166 Milo,
390 3095 516 3151 cruentis
537 3097 668 3152 manibus
689 3095 783 3151 scelus
802 3107 830 3151 et
853 3095 963 3152 lacinus
981 3111 1038 3167 prae
1049 3113 1080 3150 se

112 3175 209 3230 serens
235 3187 265 3232 et
284 3171 434 3243 confitens,
456 3173 491 3227 ad
518 3172 565 3228 illa
588 3183 710 3246 augusta
736 3173 927 3228 centuriarum
954 3169 1082 3244 auspicia

114 3250 266 3305 veniebatl
304 3249 404 3310 Quam
420 3251 474 3305 hoc
488 3265 545 3306 non
560 3249 697 3305 credibile
720 3248 749 3304 in
769 3249 838 3305 hoc!
860 3247 946 3321 quim
960 3247 1036 3304 idem
1050 3248 1080 3305 in

115 3325 221 3382 Clodio
234 3344 290 3382 non
309 3327 505 3396 dubitandum,
519 3327 568 3400 qui
592 3344 634 3395 se,
649 3325 798 3382 interfecto
821 3324 938 3392 Milone,
953 3336 1081 3396 regnatu·

112 3419 181 3460 rum
195 3403 321 3476 putaret!
361 3402 461 3462 Quidt
482 3404 556 3477 quod
571 3410 658 3475 caput
671 3402 798 3456 audaciae
819 3411 871 3470 est,
883 3399 1004 3474 judices,
1018 3401 1081 3475 quis
1095 3415 1130 3466 40

110 3481 239 3556 ignorat,
269 3480 419 3536 maximam
447 3480 611 3536 illecebram
644 3495 707 3532 esse
738 3478 878 3551 peccandi
907 3476 1082 3550 impunitatis

109 3557 215 3633 spem?
257 3555 293 3612 In
319 3568 382 3629 utro
409 3557 495 3631 igitur
523 3557 586 3611 haec
614 3553 737 3610 fuistin
765 3553 895 3611 Milonel
921 3553 968 3626 qui
995 3555 1080 3608 etiam

108 3654 190 3695 nunc
206 3651 275 3692 reus
289 3644 334 3690 est
347 3634 423 3704 iacti,
438 3644 487 3688 aut
500 3629 639 3706 praeolari,
655 3641 702 3686 aut
716 3629 792 3687 certe
808 3629 978 3687 necessarii:
1000 3645 1036 3680 an
1050 3625 1081 3674 in

107 3712 231 3772 Clodiol
251 3711 302 3788 qui
328 3710 368 3767 ita
389 3709 500 3785 judicia
517 3713 692 3780 'poenamque
717 3713 934 3778 contempserat,
961 3708 993 3750 ¹¹²
1015 3702 1081 3742 ⁰³³¹
