2542 4212
115 311 156 370 st
392 305 526 358 omaro
542 305 611 357 rao
628 268 724 357 arere
740 305 905 360 narrem.

206 449 270 508 Jam
282 447 349 508 verd
370 451 410 508 ita
422 448 519 508 faciles
540 449 633 507 aditus
647 448 682 506 ad
696 466 762 506 eum
781 451 960 526 privatorum,
977 449 1016 508 ita
1028 447 1123 511 tibere

167 528 350 602 querimonie
370 528 406 584 de
432 528 549 586 aliorum
571 527 691 601 injuriis,
712 545 775 584 ease
794 529 927 585 dicuntur
938 547 945 597 ;
967 540 998 585 ut
1021 531 1056 601 is,
1075 530 1121 603 qui

167 605 304 679 dignitate
318 604 495 680 principibus
509 605 630 674 excellit,
646 604 778 661 facilitate
795 623 844 678 par
860 605 963 662 infimis
977 624 1040 663 esse
1050 607 1125 663 ride·

168 692 237 739 atur.
278 681 353 753 Jam,
367 679 504 756 quantum
518 682 646 751 consilio,
666 678 803 754 quantum
818 682 931 738 dicendi
949 685 1084 758 gravitate
1098 693 1124 740 et

135 765 152 816 5
169 759 252 834 copia
262 761 361 830 valeat,
377 757 421 835 (in
432 775 487 834 quo
500 759 561 834 ipso
574 759 648 814 inest
660 759 789 832 quaedam
800 759 925 851 dignitas
934 760 1124 856 imperatoria)

169 855 227 906 vos,
240 837 380 905 Quirites,
396 837 450 892 boc
464 837 524 909 ipso
538 837 568 890 in
589 835 652 892 loco
664 852 738 910 saepe
751 837 903 915 cognostis.
944 835 1046 893 Fidem
1060 857 1124 894 vero

169 913 230 986 ejus
251 913 323 968 inter
344 911 436 966 socios
455 921 588 982 quantum
610 913 763 967 existimari
784 914 899 986 putatis,
922 931 1006 987 quam
1032 915 1124 978 hostes

168 988 295 1045 omnium
305 987 432 1062 gentium
443 987 648 1042 sanctissimam
659 987 838 1061 judicarintl
871 989 1058 1047 Humanitate
1068 991 1125 1064 jam

168 1063 247 1120 tantd
261 1074 313 1134 est,
332 1074 363 1119 ut
376 1062 492 1120 difficile
512 1063 591 1119 dictu
605 1063 651 1133 sit,
666 1060 761 1120 utrum
780 1064 872 1120 hostes
890 1067 981 1140 magis
995 1067 1125 1125 virtutem

118 1149 152 1202 10
169 1141 229 1216 ejus
243 1152 402 1216 pugnantes
416 1141 569 1211 timuerint,
585 1161 622 1197 an
632 1141 878 1198 mansuetudinem
889 1143 956 1200 victi
966 1145 1125 1202 dilexerint

169 1217 206 1273 Et
226 1219 371 1290 quisquam
395 1217 543 1286 dubitabit,
564 1219 632 1289 quin
653 1219 721 1274 huic
735 1229 844 1275 tantum
863 1220 968 1276 bellum
988 1221 1127 1277 transmit-

168 1293 284 1348 tendum
298 1293 343 1361 sit,
358 1292 415 1364 qui,
430 1293 465 1346 ad
481 1292 578 1348 omnia
589 1303 689 1348 nostrae
702 1295 844 1350 memoriae
855 1295 928 1351 bella
941 1296 1126 1367 conficienda,

167 1368 263 1424 divino
276 1368 396 1441 quodam
410 1366 528 1423 consilio
540 1377 624 1422 natus
637 1385 700 1422 esse
714 1368 859 1425 videaturl

206 1445 273 1502 XV.
308 1445 354 1514 Et,
375 1445 510 1519 quoniam
538 1446 688 1502 auctoritas
708 1443 829 1504 multum
854 1448 884 1504 in
912 1451 992 1508 bellis
1018 1471 1126 1527 quoque

118 1525 152 1579 1⁵
169 1521 399 1580 administrandis
422 1533 506 1596 etque
527 1522 646 1597 imperio
668 1523 780 1580 militari
800 1523 892 1594 valet3
916 1525 994 1584 certe
1017 1529 1125 1586 nemini

169 1600 287 1656 dubium
300 1610 352 1670 est,
366 1599 435 1674 quin
448 1600 483 1656 ed
497 1617 528 1655 re
542 1599 618 1656 idem
633 1599 680 1655 ille
695 1600 843 1674 imperator
861 1602 1014 1676 plurimum
1028 1607 1125 1680 pos'sit

168 1677 359 1732 Vehementer
379 1686 474 1730 autem
494 1676 635 1747 pertinere
656 1677 691 1730 ad
714 1677 785 1730 bella
805 1678 1037 1750 administranda,
1058 1682 1126 1754 quid

167 1753 271 1820 hostes,
291 1751 361 1826 quid
374 1751 454 1821 socii,
469 1751 505 1806 de
525 1750 735 1825 imperatoribus
756 1752 856 1808 vestris
870 1754 1041 1826 existiment,
1061 1759 1126 1831 quis

168 1828 288 1904 ignorat,
309 1826 376 1886 clim
390 1828 522 1899 sciamus,
542 1827 670 1884 homines
689 1827 719 1883 in
733 1827 819 1886 tantis
839 1829 933 1902 rebus,
946 1841 978 1888 ut
991 1843 1040 1895 aut
1059 1851 1127 1890 con·

116 1909 152 1964 20
168 1916 305 1976 temnant,
320 1917 370 1963 aut
382 1916 519 1974 metuant,
535 1915 583 1961 aut
595 1905 715 1975 oderint,
736 1916 786 1962 aut
799 1918 904 1978 ament,
917 1909 1053 1983 opinione
1067 1929 1125 1967 non

167 1981 264 2038 minlrs
278 1984 368 2050 samae,
383 1980 468 2052 quam
482 1981 574 2050 aliqud
588 1981 666 2035 certat
679 1982 796 2050 ratione,
810 1986 998 2046 commoverit
1037 1986 1126 2044 Quod

167 2059 252 2131 igitur
273 2074 377 2111 nomen
394 2072 516 2126 unquam
535 2055 565 2108 in
583 2055 649 2108 orbe
668 2064 804 2111 terrarum
827 2057 930 2114 elarius
950 2058 1032 2116 fuitt'
1043 2057 1126 2137 cujus

166 2152 212 2189 res
225 2142 311 2206 gestae
322 2131 425 2205 peresi
447 2130 482 2184 de
496 2146 551 2201 quo
562 2129 686 2199 homine,
703 2149 751 2186 vos
765 2129 819 2207 (id,
832 2135 908 2207 quod
918 2135 1042 2194 maxim&
1058 2139 1126 2197 facit

167 2207 373 2284 auctoritatem)
389 2216 467 2264 tanta
480 2216 509 2262 et
521 2215 578 2261 tam
592 2205 728 2280 praeclara
738 2207 847 2282 judicia
860 2211 987 2270 lecistisl

12 2279 15 2284 ‘
114 2290 151 2345 25
205 2289 254 2343 An
275 2283 341 2342 verb
356 2285 441 2341 ullam
462 2301 581 2356 usquam
594 2303 657 2340 esse
678 2303 757 2342 oram
771 2295 829 2344 tam
849 2289 990 2348 desertam
1010 2295 1124 2369 putatis,

166 2361 222 2437 qud
243 2381 302 2419 non
316 2362 392 2417 illius
405 2359 462 2416 diei
483 2359 558 2416 fama
577 2362 740 2434 pervaserit,
756 2360 824 2420 crim
846 2366 992 2424 universus
1005 2371 1125 2445 populus

165 2440 323 2510 Romanus,
344 2437 446 2494 referto
460 2436 528 2507 soro,
548 2436 715 2511 repletisque
728 2441 861 2496 omnibus
880 2445 1000 2518 templis,
1015 2465 1051 2501 ex
1063 2448 1125 2519 qui·

165 2517 219 2574 bus
230 2517 277 2574 hic
286 2516 365 2574 locus
373 2513 500 2588 conspici
511 2524 712 2588 potest-unum
721 2515 775 2572 sibi
789 2517 825 2573 ad
835 2536 985 2577 commune
995 2521 1125 2578 omnium

165 2596 294 2669 gentium
320 2594 423 2652 bellum
446 2591 501 2648 Cn.
523 2591 689 2666 Pompeium
714 2593 909 2668 imperatorem
935 2597 1124 2674 depoposcitl

113 2676 150 2730 30
166 2671 273 2749 ltaque,
294 2683 325 2732 ut
337 2673 418 2748 plura
438 2689 495 2728 non
509 2669 612 2742 dicam,
632 2689 723 2745 neque
737 2669 856 2730 aliorum
875 2675 1011 2750 exemplis
1024 2675 1126 2733 contir-

165 2769 250 2822 mem,
277 2748 415 2826 quantiam
436 2749 587 2804 auctoritas
606 2749 696 2804 valeat
720 2749 750 2804 in
776 2750 866 2819 bello;
888 2751 1043 2810 abeodem
1067 2750 1122 2809 Cn.

165 2826 299 2899 Pompeio
311 2827 439 2881 omnium
453 2841 547 2878 rerum
556 2823 734 2894 egregiarum
747 2826 876 2895 exempla
889 2841 1054 2886 sumantur:
1075 2829 1124 2912 qui

165 2919 220 2972 quo
243 2901 289 2954 die
314 2917 331 2953 a
350 2898 428 2953 vobis
453 2895 593 2950 maritimo
616 2895 688 2950 bello
710 2897 877 2968 prepositus
899 2902 942 2954 est'
961 2902 1123 2976 imperator,

163 2985 243 3031 tanta
257 2970 374 3048 repente
393 2970 484 3028 vilitas
505 2985 635 3040 annona,
656 2988 692 3025 ex
710 2971 823 3028 summe
843 2972 940 3047 inopia
960 2986 989 3032 et
1006 2978 1124 3036 caritate

114 3058 149 3111 35
165 3051 206 3108 rei
221 3050 420 3121 frumentariae,
441 3057 596 3106 consecuta
610 3056 664 3117 est,
680 3046 765 3102 unius
778 3065 828 3121 spe
848 3059 877 3106 et
896 3051 1020 3123 nomine,
1035 3073 1125 3126 quan-

164 3140 222 3186 tam
236 3119 289 3186 'vix
307 3147 344 3184 ex
363 3124 473 3182 summe
491 3124 617 3180 ubertate
637 3141 766 3197 agrorum
784 3125 917 3182 diuturna
933 3145 989 3202 par
1008 3129 1124 3190 efficere

201 3207 307 3262 tuisset.

164 3225 277 3348 poJam,
299 3277 415 3352 acceptia
436 3276 465 3332 in
484 3274 574 3331 Ponte
594 3274 762 3348 calamitate,
781 3296 867 3337 exeo
883 3280 990 3355 proelio,
1010 3284 1046 3342 de
1064 3305 1123 3361 quo

163 3375 214 3413 vos
233 3353 317 3430 pauld
338 3351 403 3412 ante
427 3353 531 3412 invitus
552 3352 695 3424 admonui,
717 3351 784 3412 cdm
805 3357 875 3414 socii
901 3359 1121 3436 pertimuissent,

114 3441 148 3496 40
164 3433 286 3490 hostium
299 3452 366 3506 opes
387 3431 529 3506 animique
551 3429 713 3502 crevissent,
735 3432 802 3507 satis
823 3434 934 3494 firmum
955 3441 1121 3514 praesidium

164 3509 309 3585 provincia
322 3528 380 3566 non
394 3510 523 3576 haberet3
546 3507 711 3566 amisissetis
723 3510 833 3584 Asiam,
846 3511 985 3586 Quirites,
1004 3518 1069 3587 niri,
1082 3518 1120 3573 ad

164 3587 194 3644 id
205 3587 297 3661 ipsum
309 3585 451 3658 temporis,
472 3585 606 3642 divinitus
620 3585 675 3641 Cn.
690 3585 854 3662 Pompeium
876 3590 911 3646 ad
925 3607 975 3647 eas
988 3594 1120 3668 regiones

164 3663 276 3720 fortuna
287 3659 382 3734 populi
397 3657 520 3716 Romani
539 3663 684 3718 attulisset
726 3663 821 3738 Hujus
842 3665 979 3724 adventus
991 3681 1020 3726 et
1033 3669 1122 3728 Mith-

164 3739 283 3801 ridetem
293 3734 407 3796 insolita
415 3733 618 3796 inflammatum
627 3737 743 3796 victorid
754 3740 903 3816 continuit,
913 3754 942 3802 et
952 3743 1121 3822 Tigranem,
