2516 4204
360 379 494 430 enarro
514 380 583 430 rao
598 381 629 430 r.
646 379 758 431 asmo
773 381 921 434 maone.
1008 417 1012 424 .
1094 385 1149 444 rm

137 521 349 580 assensionibus
361 521 486 578 universi
500 521 626 578 ordinis!
646 520 730 595 quim
744 539 799 580 nec
812 524 916 595 tacitis,
933 543 988 582 nec
1003 527 1099 584 occul-

139 599 194 654 tisl
227 598 353 658 Quando
365 599 452 666 enim,
468 597 695 670 frequentissimo
708 611 819 670 senatu,
832 612 961 672 quatuor,
975 602 1011 658 ad
1025 621 1098 660 sum·

138 692 217 731 muru
237 676 372 748 quinque,
388 683 455 730 sunt
468 673 585 742 inventi,
606 675 654 746 qui
667 673 784 732 Milonis
798 695 911 734 causam
931 697 988 734 non
1002 679 1099 752 probs-
1147 710 1162 732 .

136 753 220 808 rentl
255 751 410 808 Declaraut
424 749 508 822 hujus
522 751 645 805 ambusti
659 751 765 808 tribuni
781 752 871 826 plebis
885 753 939 809 illae
954 755 1098 812 intermor-

81 885 83 889 ,
137 837 193 884 ture
213 829 379 896 conciones,
400 826 500 898 quibus
520 826 646 898 quotidie
668 844 760 882 meam
783 831 936 901 potentiam
958 826 1134 886 invidiosd⁵

139 904 355 972 criminabatur,
376 900 441 959 crim
455 903 572 971 diceret,
586 913 726 971 senatum,
746 921 803 960 uon
817 905 891 977 quod
905 907 1031 976 sentiret,
1046 907 1096 964 sed

140 981 217 1052 quod
238 997 292 1054 ego
309 979 415 1047 vellem,
436 979 597 1034 decernere.
637 979 713 1038 Quae
734 979 847 1052 quidem
864 981 888 1038 si
908 983 1035 1054 potentie
1054 995 1098 1040 est

140 1056 305 1130 appellanda
327 1052 430 1130 potiris,
457 1053 554 1128 quim,
577 1066 688 1128 propter
712 1073 815 1130 magna
840 1057 870 1114 in
894 1058 1096 1132 rempublicam

138 1134 247 1204 merita,
261 1133 412 1188 mediocris
426 1133 456 1188 in
472 1133 552 1188 bonis
565 1132 659 1187 causis
673 1133 832 1202 auctoritas,
847 1144 905 1203 aut,
919 1145 1030 1209 propter
1045 1135 1097 1192 bos

136 1210 276 1267 officiosos
288 1209 399 1266 labores
412 1227 501 1278 meos,
516 1207 652 1264 nonnulle
666 1208 740 1280 apud
755 1208 844 1264 bonos
857 1211 963 1284 gratia;
978 1211 1096 1286 appelle·
1112 1207 1147 1258 1⁰

136 1297 182 1348 tur
202 1288 242 1343 its
254 1281 335 1356 sane,
357 1285 510 1342 dummodo
530 1285 566 1339 ed
586 1303 638 1340 nos
658 1295 769 1340 utamur
781 1303 831 1358 pro
850 1285 939 1343 salute
960 1287 1096 1344 bonorum

137 1375 237 1422 contra
250 1363 404 1420 amentiam
416 1362 596 1436 perditorum.

178 1441 264 1496 Hanc
283 1436 350 1496 verb
362 1439 554 1511 questionem,
567 1438 621 1494 etsi
641 1456 698 1494 non
716 1448 760 1496 est
772 1438 879 1512 iniqua,
899 1459 1042 1514 nunquam
1056 1453 1096 1499 ta·

138 1535 208 1573 men
233 1526 348 1572 senatus
375 1515 599 1570 constituendam
626 1515 741 1588 putavit.
790 1513 880 1572 Erunt
905 1517 981 1572 enim
1008 1517 1095 1592 leges,

138 1603 221 1650 erant
234 1593 410 1665 questiones,
425 1591 467 1646 vel
480 1592 516 1648 de
530 1591 618 1660 cede,
632 1591 675 1646 vel
689 1592 725 1646 de
739 1591 785 1646 vi:
806 1609 861 1648 uec
874 1603 983 1650 tautum
997 1611 1095 1652 moero·
1112 1595 1146 1646 1⁵

135 1689 197 1727 rem
221 1688 256 1726 ac
276 1669 384 1726 luctum
408 1667 518 1724 senatui
540 1686 614 1724 mors
634 1667 667 1722 Ρ.
689 1667 783 1724 Clodii
804 1667 948 1740 afferebat,
969 1681 1000 1728 ut
1023 1690 1094 1728 nova

136 1747 255 1819 quaestio
274 1745 497 1802 constitueretur.
539 1744 630 1818 Cujus
646 1745 723 1801 euim
739 1745 776 1800 de
794 1744 842 1800 illo
861 1745 970 1804 incesto
988 1758 1093 1822 stupro,

134 1823 279 1897 judicium
297 1821 469 1877 decernendi
489 1821 598 1879 senatui
616 1832 738 1895 potestas
753 1831 829 1878 esset
846 1833 958 1897 erepta;
979 1824 1015 1880 de
1033 1825 1095 1898 ejus

136 1899 265 1968 interitu,
280 1898 343 1972 quis
362 1908 452 1972 potest
465 1898 591 1967 credere,
604 1911 734 1956 senatum
752 1897 893 1972 judicium
907 1917 1010 1956 novum
1027 1918 1095 1956 cou-

134 1976 311 2032 stituendum
324 1975 459 2050 putissel
491 1974 551 2034 Cur
565 1975 651 2049 igitur
666 1976 830 2032 incendium
842 1976 938 2048 curiae,
951 1995 1095 2052 oppugna·
1109 1973 1146 2028 20

133 2054 241 2112 tionem
264 2053 367 2110 aedium
383 2051 425 2108 Μ.
439 2051 552 2127 Lepidi,
566 2053 676 2110 cedern
695 2054 771 2110 banc
792 2053 891 2127 ipsam,
906 2065 1004 2112 contm
1022 2073 1094 2112 rem·

133 2131 278 2205 publicem
301 2141 417 2187 senatus
430 2129 533 2186 iactam
556 2147 620 2186 esse
641 2129 788 2188 decrevitl
808 2131 875 2204 quia
893 2131 970 2186 nulle
989 2131 1030 2188 vis
1042 2149 1095 2188 uu·

133 2225 218 2280 quam
238 2217 283 2264 est
297 2207 327 2262 in
347 2207 436 2262 liberi
449 2207 563 2262 civitate
581 2217 710 2280 suscepta
730 2207 804 2263 inter
819 2207 905 2276 cives,
926 2225 983 2262 uon
997 2217 1095 2263 contre

134 2283 349 2356 rempublicam.
389 2281 456 2340 Non
476 2283 553 2342 enirn
575 2293 619 2339 est
639 2283 686 2340 ills
704 2283 832 2342 defensio
852 2293 950 2340 contre
967 2283 1024 2340 vim
1044 2301 1095 2340 uu-

134 2379 220 2434 quam
242 2360 380 2434 optande3
402 2361 451 2416 sed
472 2378 674 2433 nonuunquam
692 2371 735 2418 est
754 2360 929 2418 necessaria:
950 2360 1006 2418 nisi
1027 2351 1094 2417 verb
1109 2363 1146 2418 25

132 2447 183 2494 aut
203 2437 250 2494 ille
271 2437 343 2508 dies,
365 2437 395 2493 in
412 2455 467 2510 quo
487 2437 535 2494 Ti.
554 2437 703 2494 Gracchus
723 2449 766 2494 est
783 2457 884 2510 cresus,
906 2448 953 2496 eut
974 2437 1020 2494 ille
1040 2457 1096 2512 quo

133 2513 234 2582 Caius,
254 2525 302 2568 aut
319 2533 375 2586 quo
394 2533 473 2571 artua
493 2514 640 2580 Saturnini
658 2533 791 2588 oppressa
810 2526 885 2586 sunt,
903 2515 1013 2572 etiamsi
1029 2533 1046 2572 e
1063 2534 1094 2572 re

132 2589 262 2664 publici,
274 2589 476 2660 rempublicam
489 2599 585 2644 lernen
599 2608 658 2644 non
671 2591 860 2648 vulnerdrunt.

174 2665 226 2723 VI.
264 2663 366 2736 Itaque
380 2681 433 2736 ego
453 2664 512 2735 ipse
526 2664 649 2733 decrevi,
669 2662 735 2721 oirm
755 2669 863 2724 caedem
878 2667 908 2722 in
929 2665 1024 2740 Appib
1038 2667 1094 2722 ssc-

132 2755 192 2801 tam
207 2760 272 2799 esse
287 2749 437 2809 constaret,
452 2757 508 2794 non
523 2758 597 2809 eum,
613 2741 659 2813 qui
673 2760 704 2798 se
717 2743 899 2815 defendisset,
912 2753 1010 2800 contre
1022 2761 1095 2799 rem·
1107 2747 1144 2802 ³⁰

132 2819 279 2894 publicam
294 2816 414 2885 secisse;
434 2816 496 2886 sed,
511 2813 577 2872 edm
593 2817 698 2876 inesset
712 2820 742 2876 in
756 2841 786 2876 re
800 2823 842 2878 ris
863 2833 892 2878 et
905 2820 1026 2891 insidias,
1040 2821 1093 2876 cri-

131 2915 200 2954 men
217 2895 329 2971 judicio
342 2894 498 2962 reservavi;
519 2911 579 2950 rem
593 2897 693 2952 notavi.
734 2894 825 2958 Ques
839 2899 874 2967 si,
895 2917 944 2972 per
959 2897 1092 2956 furiosum

130 2974 211 3032 illum
228 2973 386 3042 tribunum,
407 2972 528 3041 senatui,
548 2973 623 3045 quod
637 2973 786 3042 sentiebat,
806 2974 942 3046 perlicere
957 2975 1091 3046 licuisset,

130 3069 232 3108 novem
255 3049 444 3124 'questionem
465 3066 543 3104 nuuc
569 3050 675 3106 nullam
697 3050 873 3105 haberemus.
914 3048 1093 3106 Decernebat

130 3130 217 3198 enim,
244 3139 285 3198 ut,
312 3127 454 3184 veteribus
480 3125 599 3200 legibus,
627 3125 824 3182 tantummodo
850 3136 928 3182 extra
954 3125 1092 3194 ordinem,
1107 3141 1142 3194 35

130 3215 310 3276 quereretur.
351 3203 450 3262 Divisa
473 3204 613 3259 sententia
640 3213 694 3271 est,
714 3202 873 3274 postulante
900 3203 1091 3276 nescioquo:

131 3279 205 3334 nihil
227 3279 309 3334 enim
321 3299 438 3337 necesse
458 3291 510 3351 est,
530 3281 658 3336 omniurn
679 3296 725 3334 me
745 3277 852 3352 flagitia
871 3279 1001 3351 proferre.
1042 3279 1093 3336 Sic

130 3355 242 3428 reliqua
256 3357 404 3412 auctoritas
416 3356 540 3426 senatuis,
554 3357 650 3430 empti
670 3354 882 3423 intercessione,
896 3355 1005 3411 sublate
1019 3367 1070 3412 est.

171 3434 213 3490 At
227 3432 303 3488 enim
318 3431 372 3488 Cu.
387 3432 547 3510 Pompeius,
558 3432 703 3506 rogatione
717 3430 769 3484 sud
784 3440 813 3484 et
823 3430 858 3486 de
872 3449 902 3486 re
916 3432 989 3487 etde
1003 3433 1091 3488 cause

125 3509 264 3586 judicavit
276 3529 282 3564 :
296 3510 361 3566 tulit
374 3511 451 3566 enim
471 3513 507 3566 de
521 3511 611 3577 caede,
626 3524 689 3579 quse
703 3505 732 3560 iu
746 3505 841 3578 Appia
855 3507 901 3564 vis
923 3507 996 3565 saeta
1008 3518 1091 3579 esset,
1106 3514 1141 3566 4⁰

129 3587 158 3644 iu
170 3587 230 3661 quia
252 3586 285 3642 P.
299 3586 417 3644 Clodius
437 3588 550 3644 occisus
570 3585 632 3642 luit.
672 3581 754 3640 Quid
774 3600 842 3657 ergo
862 3585 944 3642 tulitl
979 3585 1091 3654 Nempe

127 3675 159 3720 ut
172 3673 356 3738 quaereretur.
394 3663 477 3724 Quid
491 3681 573 3737 porro
586 3659 770 3734 querendum
785 3662 849 3717 estl
878 3655 1091 3736 factumnesitl

129 3753 158 3798 ιι
169 3750 298 3806 constet:
320 3757 338 3794 e
358 3741 432 3812 quel
461 3750 490 3794 at
510 3747 597 3811 patet.
639 3734 730 3802 Vidit,
749 3737 834 3792 etiam
860 3736 890 3790 in
913 3733 1091 3802 confessione

129 3818 206 3888 facti,
228 3817 302 3892 juris
326 3826 424 3874 tamen
443 3811 640 3871 defensionem
661 3810 765 3884 suscipi
788 3825 879 3882 posse·
916 3797 1009 3888 *Quod
1035 3807 1091 3868 ¹¹¹⁸?
