2516 4204
140 335 198 398 m
428 332 564 385 ORATIO
580 335 618 385 IN
635 337 672 384 M.
689 329 890 385 amomum.

187 477 314 536 audiatis.
355 475 449 534 Debet
461 477 538 533 enim
552 477 656 533 talibus
669 475 700 532 in
720 475 803 532 rebus
817 473 943 531 excitare
957 472 1074 542 animos,
1085 481 1149 529 nou

186 554 314 628 cognitio
327 552 417 610 solum
432 569 536 624 rerum,
557 555 607 610 sed
623 555 709 610 etiam
724 551 887 608 recordatio.
928 548 1059 606 Tametsi
1076 547 1151 604 inci-

187 631 288 687 damus
301 640 411 705 oportet
425 632 528 700 media,
543 631 679 686 menimis
694 625 756 686 serd
772 629 806 684 ad
821 635 948 683 extrema
960 627 1118 682 veniamus.

227 707 352 764 Intimus
365 717 426 762 erat
442 707 472 762 in
486 707 631 762 tribunatu
645 706 755 774 Clodio,
770 705 818 778 qui
839 721 890 764 sua
903 719 969 777 erga
981 719 1027 758 me
1041 701 1153 758 benefi-

155 785 236 845 5cia
258 793 476 852 commemorat;
504 783 566 856 ejus
586 784 714 840 omnium
736 781 931 837 incendiorum
958 779 1010 834 sax.
1051 778 1155 852 Cujus

189 862 274 918 etiam
289 860 363 915 domi
378 860 512 930 quiddam
523 860 582 931 jem
603 871 664 915 tum
679 859 791 915 molitus
806 868 865 914 est:
887 855 953 930 quid
965 855 1068 924 dicam,
1082 855 1155 928 ipse

187 931 293 1008 optime
317 934 456 1008 intelligit.
497 931 556 990 Iter
582 935 650 989 lade
677 934 881 990 Alexandriam
908 942 1004 988 contre
1029 931 1153 988 senatus

188 1011 393 1079 auctoritatem,
414 1020 514 1066 contra
532 1010 699 1084 religiones:
721 1011 771 1066 sed
795 1011 916 1065 habebat
936 1009 1042 1064 ducem
1058 1007 1152 1064 Gabi·

188 1087 278 1158 nium,
300 1085 415 1160 quicum
435 1087 544 1159 quidvis
565 1083 722 1143 rectissime
745 1087 838 1142 lacere
858 1095 960 1160 posset
1002 1084 1063 1144 Qui
1085 1095 1151 1140 tum

139 1168 173 1221 lo
189 1165 256 1220 iude
283 1165 400 1232 reditus,
428 1173 475 1218 aut
503 1163 615 1234 quatiet
649 1160 732 1219 Prius
756 1163 786 1217 in
813 1163 941 1218 ultimam
968 1160 1088 1217 Galliam
1115 1179 1155 1217 ex

188 1239 321 1310 AEgypto,
348 1236 441 1310 qulm'
455 1239 578 1293 domum.
617 1239 694 1297 Qus
716 1249 811 1294 autem
838 1249 898 1294 erat
919 1237 1041 1294 domuel
1067 1251 1155 1293 suam

187 1314 265 1370 enim
286 1315 403 1386 quisque
424 1314 540 1369 domum
560 1324 621 1370 tum
642 1315 806 1380 obtinebat3
834 1331 927 1388 neque
949 1325 1010 1371 erat
1030 1329 1157 1386 usquam

187 1400 243 1446 tua.
286 1389 409 1446 Domum
431 1391 515 1446 dicol
535 1391 603 1464 quid
625 1401 685 1446 erat
706 1391 736 1446 in
751 1390 844 1461 terris,
864 1391 915 1446 ubi
931 1391 962 1446 iu
982 1402 1031 1446 tuo
1046 1389 1158 1464 pedem

188 1483 318 1541 poneres,
335 1477 435 1541 praeter
449 1484 538 1523 unum
559 1466 714 1538 Misenum,
728 1469 803 1541 quod
817 1485 883 1523 cum
904 1467 1000 1538 sociis,
1015 1477 1159 1539 tanquam

140 1549 174 1602 lu
191 1544 368 1618 Sisaponem,
382 1545 518 1600 tenebasl

229 1619 297 1675 XX.
332 1619 443 1676 Venisti
464 1639 480 1675 e
501 1618 596 1678 Gallie
617 1623 653 1678 ad
671 1632 840 1696 quaesturam
860 1621 1020 1694 petendam.
1063 1619 1162 1676 Ande

190 1694 294 1764 dicere,
309 1705 338 1750 te
356 1695 438 1769 prius·
453 1697 488 1751 ad
509 1695 667 1772 [parentem
685 1698 780 1830 tuamq
795 1696 913 1764 venisse,
931 1692 1016 1767 qudm
1037 1695 1075 1748 ad
1092 1715 1173 1754 me..

191 1771 369 1846 Acceperam
382 1773 457 1829 euim
477 1773 536 1847 jam
550 1773 616 1832 aute
632 1775 753 1831 Caesaris
782 1775 873 1842 iteras,
887 1781 919 1828 ut
932 1769 1003 1826 mihi
1017 1769 1164 1830 satisfieri

190 1859 300 1922 peteret
328 1867 345 1906 a
368 1860 413 1906 te:
441 1850 536 1924 itaque
560 1869 597 1907 no
620 1851 696 1924 loqui
720 1843 833 1925 qui'dem
854 1867 917 1905 sum
936 1859 965 1904 te
985 1863 1088 1921 passus
1121 1850 1162 1904 de

140 1931 177 1986 20
191 1926 290 1998 gratie.
333 1924 436 1982 Postea
451 1929 610 1983 custoditus
625 1947 688 1982 sum
703 1947 720 1983 a
733 1939 771 1997 te,
789 1939 820 1983 tu
841 1943 917 1983 ame
935 1927 1102 1981 observatus
1128 1925 1162 1980 iu

190 1997 329 2072 petitione
348 2013 511 2072 quareturae:
533 2019 588 2072 quo
607 2003 722 2072 quidem
743 2013 869 2074 tempore
891 2002 922 2056 P.
943 2000 1087 2068 Clodium,
1109 2017 1164 2074 ap-

190 2075 325 2147 probante
335 2075 437 2148 populo
453 2075 594 2146 Romano,
609 2076 639 2130 in
653 2075 714 2131 soro
729 2093 761 2131 es
774 2086 894 2132 conatus
908 2071 1040 2132 occidere
1053 2095 1059 2130 :
1074 2072 1164 2132 crim·

188 2167 245 2225 que
260 2171 323 2209 eam
337 2169 396 2210 rem
410 2151 461 2209 tud
474 2164 573 2228 sponte
587 2171 731 2223 conarere,
745 2169 803 2208 uon
818 2153 941 2226 impulsu
956 2171 1036 2219 meo;
1056 2163 1162 2209 tamen

192 2229 232 2286 ita
250 2232 434 2306 predicabas,
453 2241 483 2287 te
501 2249 558 2288 non
580 2231 751 2299 existimare,
772 2229 828 2285 nisi
850 2229 928 2284 illum
951 2229 1161 2300 interfecisses,

142 2313 178 2369 25
189 2321 316 2379 'unquam
338 2309 418 2376 mibi,
440 2327 490 2380 pro
503 2309 560 2364 tuis
578 2309 608 2363 in
630 2327 676 2362 me
699 2307 820 2380 injuriis,
835 2306 903 2362 satis
924 2323 987 2362 esse
1003 2306 1160 2362 facturum.

193 2381 228 2436 Iu
242 2399 297 2453 quo
310 2383 441 2448 demiror,
455 2399 506 2436 our
520 2382 658 2436 Milonem
674 2383 797 2452 impulsu
813 2399 876 2436 meo
890 2399 950 2436 rem
969 2381 1045 2436 illam
1060 2381 1161 2455 egisse

192 2457 281 2526 dicas,
295 2454 361 2512 clam
375 2467 413 2525 te,
435 2456 508 2511 ultro
527 2456 598 2511 mibi
612 2456 688 2511 idem
710 2455 779 2510 illud
799 2457 983 2524 deserentem,
1007 2475 1163 2530 nunquam

192 2533 247 2588 sim
271 2534 451 2589 adhortatus:
472 2549 642 2606 quanquam,
656 2531 680 2588 si
699 2532 729 2588 in
747 2549 782 2588 eo
799 2549 1003 2608 perseverares,
1022 2535 1059 2588 ad
1078 2545 1164 2592 tuam

126 2644 128 2648 ·
193 2611 311 2686 gloriam
325 2629 385 2667 rem
400 2609 475 2666 illam
489 2610 587 2666 referri
600 2608 750 2680 malebam,
767 2607 853 2704 qudm
868 2611 903 2668 ad
916 2627 1009 2666 meam
1022 2611 1163 2684 gratiam.

143 2697 180 2756 30
232 2689 366 2750 Qucum
381 2707 412 2745 es
423 2689 524 2759 factus,
535 2689 641 2744 deinde
654 2688 804 2757 contiuuo,
816 2687 877 2744 sine
890 2686 1164 2760 senatusconsulto,

194 2767 257 2821 sine
272 2777 356 2833 sorte,
370 2766 432 2819 sine
445 2766 518 2836 lege,
533 2765 568 2818 ad
587 2765 730 2819 Caesarem
744 2765 910 2820 cucurristi:
931 2765 960 2819 id
975 2763 1049 2819 euim
1063 2779 1165 2822 unum

195 2842 225 2894 iu
240 2840 331 2905 terris,
349 2839 493 2907 egestatis,
515 2839 580 2891 aeris
600 2839 695 2905 alieni,
710 2840 853 2908 nequitiae,
906 2841 987 2896 rditis
1007 2839 1070 2894 vitm
1091 2843 1164 2898 rati-

194 2911 306 2979 onibus,
320 2910 480 2983 perfugium
494 2925 556 2966 esse
571 2911 717 2966 ducebas·
746 2911 790 2966 Ibi
805 2923 833 2967 te
847 2931 863 2968 c
886 2931 914 2968 m
933 2925 962 2971 et
982 2915 1057 2970 illius
1071 2915 1162 2992 largi-
1243 2955 1247 2966 ·

194 2985 320 3043 tionibus
341 2995 370 3043 et
388 2986 446 3042 tuis
459 2987 565 3062 rapinis
583 2987 751 3060 explevisses
766 2986 805 3062 (si
820 2989 874 3044 hoc
887 3000 930 3046 est
945 2992 1068 3064 explere,
1081 2995 1162 3065 quod

144 3073 181 3131 35
196 3064 291 3121 stetim
313 3063 467 3138 effundas),
488 3064 623 3120 advoldsti
643 3083 732 3138 egens
756 3065 792 3120 ad
813 3065 996 3134 tribunatum,
1017 3079 1049 3123 ut
1070 3069 1101 3125 in
1125 3089 1161 3128 eo

196 3160 242 3197 ma
262 3141 369 3204 istratu,
383 3139 406 3190 si
421 3157 527 3210 posses,
541 3140 592 3195 viri
607 3141 647 3194 tui
662 3136 761 3195 similis
775 3157 859 3196 esses.

265 3211 319 3266 XI.
353 3211 486 3286 Accipite
507 3231 596 3282 nunc,
615 3231 720 3285 quaeso,
735 3231 792 3270 non
806 3231 850 3284 ea,
864 3229 926 3288 que
940 3214 1000 3289 ipse
1015 3216 1045 3273 iu
1060 3239 1101 3291 se,
1121 3235 1162 3280 at-

194 3305 249 3361 que
272 3289 303 3346 in
324 3289 512 3346 domesticum
531 3289 665 3360 dedecus,
688 3287 798 3365 impure
821 3302 905 3366 atque
926 3291 1160 3371 intemperanter,

195 3366 245 3422 sed
267 3383 329 3441 que
350 3367 381 3424 in
403 3385 455 3424 uos
479 3362 658 3441 mucusque
678 3379 798 3440 nostras,
820 3370 849 3428 id
872 3380 926 3439 est,
945 3370 976 3426 in
995 3372 1160 3444 universam

145 3455 180 3513 40
195 3445 408 3518 rempublicam,
422 3442 508 3519 impie
524 3441 687 3516 acnelarid,
701 3445 807 3504 fecerit.
848 3447 897 3504 Ab
909 3446 993 3520 hujus
1007 3447 1160 3508 enimsco·
1248 3507 1249 3516 ,

195 3519 253 3576 lere
266 3523 394 3578 omnium
416 3523 552 3580 malorum
572 3523 743 3603 principium
762 3535 859 3581 natum
874 3523 1027 3596 reperiatis.
1067 3524 1159 3599 Nam,

196 3593 273 3666 crim,
294 3597 327 3652 L.
343 3598 476 3669 lentulo,
497 3600 531 3656 C.
547 3599 693 3669 Marcello,
707 3602 879 3669 oonsulibus,
900 3599 1035 3658 Calendis
1050 3599 1160 3660 Ianua·

196 3673 257 3742 rtis,
271 3673 411 3728 labantem
425 3683 454 3730 et
466 3673 553 3750 prope
569 3678 719 3732 cadentem
740 3675 944 3750 rempublicam
958 3677 1057 3734 fulcire
1072 3695 1159 3753 cupe-

197 3750 276 3823 retis,
290 3749 397 3826 ipsique
418 3748 451 3805 0.
466 3750 583 3823 cesari,
598 3753 622 3808 si
643 3753 714 3810 sent
727 3764 822 3811 mente
835 3765 919 3825 esset,
940 3755 1087 3813 consulere
1101 3755 1160 3815 vel·
