2542 4212
374 277 594 361 caturcino
611 309 706 362 unca
723 307 886 361 usuum.
1124 311 1163 368 st

147 465 280 529 boreaque
304 452 508 528 capiebantur?
535 449 612 522 cium,
639 469 675 508 ex
697 452 830 508 omnibus
855 447 1009 526 provinciis
1035 467 1113 508 conr-

144 543 256 602 ·meatu,
277 542 305 587 et
316 531 423 605 privato
436 539 465 585 et
482 529 606 603 publico,
619 529 856 603 prohibebamur?
877 523 943 585 cum
956 527 996 584 ita
1014 527 1112 584 clausa

148 619 231 666 erant
248 608 329 665 nobis
345 606 442 664 omnia
454 605 554 676 maria,
569 617 600 661 ut
613 623 706 679 neque
719 606 856 679 privatam
876 621 936 661 rem
949 604 1112 661 transmari·

148 704 224 756 nam,
239 699 331 758 neque
345 683 500 758 publicam,
511 682 570 756 jam
582 683 662 738 obire
675 683 843 756 possemusi

186 761 304 818 XVIII.
338 759 416 820 Quae
429 760 529 816 civitas
543 770 627 815 antea
642 777 767 833 unquam
779 759 841 828 suit,
857 757 927 834 (non
942 757 1009 814 dico
1023 757 1109 816 Athe·
1141 770 1159 822 5

146 839 385 910 mensiumque
408 837 474 892 satis
498 833 553 892 late
576 837 719 909 quondam
740 853 817 891 mare
844 835 969 891 tenuisse
996 835 1109 907 dicitur,

147 933 208 971 non
230 913 519 988 Carthaginiensium,
540 914 589 986 qui
603 909 775 987 permultum
795 911 885 968 classe
907 911 1109 984 maritimisque

149 991 235 1048 rebus
248 991 404 1060 valuerunt,
417 1009 475 1046 non
490 990 681 1060 Rhodiorum,
699 1007 816 1062 quorum
830 1007 918 1062 usque
932 988 968 1044 ad
980 999 1108 1046 nostram

149 1067 311 1124 memoriam
325 1066 477 1142 disciplina
495 1066 602 1123 navalis
615 1077 644 1122 et
661 1066 751 1140 gloria
763 1065 912 1140 remansit)
927 1083 991 1138 quas
1009 1063 1108 1120 civitas

147 1163 269 1218 unquam
290 1155 375 1200 antea
396 1155 454 1200 tam
468 1145 570 1214 tenuis,
591 1161 653 1218 que
671 1153 729 1199 tam
749 1161 834 1216 parva
854 1141 947 1198 insula
967 1141 1029 1210 trit,
1046 1159 1107 1214 que
1125 1153 1157 1206 10

146 1239 203 1277 non
224 1231 321 1296 portus
335 1239 413 1291 suos,
427 1231 456 1277 et
476 1239 566 1295 agros,
581 1231 609 1277 et
622 1220 744 1293 aliquam
766 1229 873 1294 partem
888 1219 1011 1293 regionis
1026 1229 1108 1291 atque

146 1317 202 1354 orae
217 1299 377 1368 maritimas,
392 1315 442 1372 per
456 1317 487 1354 se
506 1299 567 1372 ipsa
580 1297 767 1354 defenderetl
807 1297 847 1352 At
861 1295 983 1372 (hercle)
1003 1295 1107 1368 aliquot

146 1392 235 1430 annos
256 1375 406 1431 continuos
425 1385 491 1430 ante
508 1374 600 1448 legem
615 1373 778 1442 GabIniam,
800 1372 846 1428 ille
866 1372 984 1447 populus
999 1371 1106 1428 Roma·

145 1469 210 1521 uus,
233 1451 325 1524 cujus,
344 1469 432 1524 usque
456 1451 491 1506 ad
510 1461 633 1506 nostram
654 1449 827 1518 memoriam,
846 1467 950 1505 nomen
969 1449 1106 1504 invictum

147 1525 179 1581 in
192 1527 338 1582 navalibus
358 1528 461 1600 pugnis
480 1538 680 1600 permanserat,
702 1525 808 1599 magni
826 1543 860 1580 ac
874 1521 962 1581 multd
983 1524 1106 1580 maximi
1123 1529 1156 1580 15

146 1611 228 1676 parte
242 1620 299 1658 non
310 1599 395 1659 modi>
407 1603 542 1672 utilitatis,
558 1603 606 1658 sed
618 1601 765 1677 dignitatis
777 1611 858 1674 atque
869 1601 989 1676 imperii,
1000 1601 1105 1656 caruit:

145 1697 209 1750 nos,
233 1697 353 1752 quorum
375 1679 497 1754 majores
521 1681 695 1736 Antiochum
717 1697 814 1753 regern
833 1677 923 1734 classe
945 1677 1106 1752 Persenque

144 1756 324 1828 superarunt,
345 1757 531 1832 omnibusque
555 1755 700 1813 navalibus
721 1755 825 1830 pugnis
847 1754 1105 1830 Carthaginienses,

146 1830 277 1886 homines
290 1833 321 1888 in
334 1833 482 1888 maritimis
494 1834 579 1888 rebus
592 1833 838 1890 exercitatissimos
851 1832 1105 1906 paratissimosque,

147 1907 287 1976 vicerunt,
301 1908 322 1964 ii
335 1909 414 1964 nullo
432 1909 463 1964 in
476 1909 539 1965 loco
556 1909 614 1983 jam
632 1910 810 1996 predonibus
827 1926 910 1982 pares
923 1925 986 1964 esse
1000 1919 1107 1982 potera·
1121 1913 1156 1968 2⁰

144 2001 217 2040 mus.
258 1983 321 2041 Nos
335 2004 453 2058 quoque,
468 1987 515 2060 qui
529 1997 613 2043 antea
626 2003 682 2043 nou
696 1983 782 2044 modd
796 1985 907 2043 Italiam
921 1995 1008 2042 tutam
1023 1983 1107 2040 habe·

145 2060 254 2130 bamus,
279 2062 329 2118 sed
345 2081 445 2119 omnes
466 2063 558 2120 socios
571 2064 601 2120 in
624 2064 732 2120 ultimis
754 2064 811 2120 oris
833 2064 1001 2120 auctoritate
1017 2062 1105 2118 nostri

144 2136 256 2210 imperii
276 2139 367 2193 salvos
384 2151 517 2212 prestare
531 2152 708 2212 poteramus;
730 2152 800 2208 tum,
819 2137 886 2196 edm
907 2139 999 2196 insula
1007 2137 1105 2204 Delos,

143 2222 201 2268 tam
218 2213 316 2286 procul
337 2232 355 2268 a
367 2215 449 2270 nobis
462 2216 493 2270 in
514 2215 616 2288 AEgaeo
629 2217 699 2270 mari
712 2216 814 2288 posita,
834 2210 891 2285 qud
904 2227 1005 2267 omnes
1025 2213 1105 2266 undi-

143 2307 199 2360 que
213 2306 281 2342 cum
293 2289 437 2343 mercibus
450 2301 533 2363 atque
546 2291 681 2347 oneribus
701 2289 906 2357 commeabant,
920 2287 1023 2343 referta
1036 2285 1105 2342 divi·
1119 2297 1155 2350 25

144 2363 204 2433 tiis,
217 2381 309 2437 parva,
324 2364 386 2420 sine
400 2383 481 2424 muro
494 2366 564 2422 nihil
579 2368 714 2435 timebat3
729 2367 815 2424 iidem
829 2384 886 2422 non
899 2361 984 2422 modd
997 2362 1106 2438 provin·

143 2439 215 2510 ciis,
230 2451 312 2514 atque
335 2442 392 2498 oris
413 2441 502 2499 Italiae
526 2444 686 2514 maritimis,
708 2461 742 2500 ac
765 2444 901 2518 portubus
924 2441 1035 2511 nostris,
1054 2441 1104 2496 sed

142 2517 230 2572 etiam
258 2518 352 2592 Appia
371 2519 430 2592 jam
451 2521 497 2576 viri
522 2521 708 2576 carebamus:
732 2531 762 2577 ct
785 2521 829 2576 his
852 2519 1023 2594 temporibus
1045 2536 1103 2576 non

143 2593 270 2665 pudebat
286 2595 467 2666 magistratus
483 2597 581 2670 populi
593 2597 730 2666 Romani,
751 2597 781 2652 in
801 2597 879 2653 hunc
897 2596 988 2670 ipsum
1008 2594 1103 2651 locum

144 2669 314 2738 escendere,
329 2666 396 2724 cum
410 2688 476 2724 eum
490 2672 569 2726 vobis
581 2673 700 2747 majores
719 2675 801 2730 vestri
815 2673 924 2729 exuviis
937 2671 1059 2726 nauticis
1072 2679 1101 2726 et
1118 2681 1154 2736 30

142 2744 280 2801 classium
294 2745 391 2818 spoliis
403 2757 531 2802 ornatum
545 2747 728 2821 reliquissent.

81 2861 90 2866 ‚
184 2819 270 2876 XIX.
304 2821 385 2878 Bono
399 2834 426 2879 te
447 2823 543 2881 animo
556 2835 624 2896 tum,
643 2825 682 2886 Q.
697 2825 842 2897 Hortensi,
862 2825 985 2900 populus
998 2821 1104 2880 Roma·

142 2915 207 2968 nus,
223 2909 251 2955 et
271 2909 388 2956 caeteros
402 2901 450 2974 qui
464 2913 546 2958 erant
563 2903 594 2958 in
608 2903 709 2960 eadem
730 2903 883 2972 sententii,
901 2903 996 2960 dicere
1010 2899 1104 2958 existi-

140 2976 226 3032 mavit
246 2995 290 3047 ea,
305 2996 367 3050 quae
391 2979 571 3036 sentiebatis:
592 2983 644 3036 sed
664 2991 770 3052 umen,
792 2981 822 3036 in
837 2980 927 3035 salute
947 2977 1102 3048 communi,

140 3051 217 3108 idem
236 3053 358 3128 populus
372 3053 523 3112 Romanus
541 3057 628 3113 dolori
644 3075 696 3114 suo
715 3057 824 3126 maluit,
845 3052 931 3126 quam
945 3053 1102 3110 auctoritati
1117 3067 1153 3120 35

138 3139 247 3201 vestrae,
262 3132 465 3206 obtemperare.
506 3132 604 3207 Itaque
617 3153 676 3190 una
688 3134 744 3202 lex,
758 3149 833 3188 unus
846 3129 898 3202 vir,
911 3147 986 3186 unus
1000 3146 1102 3199 annus,

138 3224 196 3262 non
209 3205 295 3264 mcdd
307 3227 359 3265 nos
370 3208 419 3264 illa
434 3209 549 3266 miserid
560 3229 594 3266 ac
607 3210 782 3284 turpitudine
793 3207 938 3276 liberavit;
955 3205 1004 3264 sed
1018 3204 1103 3260 etiarn

141 3279 245 3352 effecit,
260 3295 298 3340 ut
319 3285 471 3358 aliquando
492 3284 557 3343 vere
580 3288 739 3343 videremur
761 3284 893 3342 omnibus
916 3282 1049 3359 gentibus
1069 3299 1103 3338 ac

140 3357 304 3414 nationibus
316 3363 392 3417 terrie
405 3364 530 3437 marique
545 3365 691 3438 imperare.

179 3433 251 3494 Quo
264 3435 335 3492 mihi
346 3439 431 3494 etiam
442 3437 589 3518 indignius
603 3441 712 3496 videtur
724 3439 911 3496 obtrectatum
922 3453 984 3494 esse
998 3437 1101 3508 adhuc,
1117 3450 1153 3502 rw

136 3511 266 3569 Gabinio
285 3513 389 3584 dicam,
412 3533 484 3574 anne
505 3518 652 3593 Pompeio,
674 3535 711 3571 an
733 3513 864 3586 utriquel
886 3512 940 3590 (id,
962 3513 1038 3588 quod
1060 3523 1103 3570 est

135 3588 250 3664 verius)
266 3607 303 3646 ne
323 3591 463 3666 legaretur
478 3597 515 3650 A.
534 3593 674 3650 Gabinius
688 3591 742 3648 Cn.
758 3590 892 3666 Pompeio
912 3589 1054 3665 expetenti
1067 3605 1102 3644 ac

133 3667 313 3743 posttdantil
352 3666 454 3726 Utrirm
469 3671 526 3740 llle,
541 3669 590 3742 qui
603 3669 724 3742 postulat
737 3669 860 3744 legatum
874 3670 1032 3724 admistum
1046 3661 1104 3742 bel·

132 3745 204 3820 lum,
218 3763 308 3822 quem
324 3745 400 3820 velit,
421 3748 542 3804 idoneus
556 3763 614 3804 uon
635 3756 687 3815 est,
700 3745 749 3818 qui
763 3745 903 3816 impetret,
916 3740 984 3798 cum
996 3743 1101 3794 wiern
