<?xml version="1.0" encoding="UTF-8"?>
<!DOCTYPE html PUBLIC "-//W3C//DTD XHTML 1.0 Transitional//EN"
    "http://www.w3.org/TR/xhtml1/DTD/xhtml1-transitional.dtd">
<html xmlns="http://www.w3.org/1999/xhtml" xml:lang="en" lang="en">
 <head>
  <title>
</title>
<meta http-equiv="Content-Type" content="text/html;charset=utf-8" />
  <meta name='ocr-system' content='tesseract 3.04.00' />
  <meta name='ocr-capabilities' content='ocr_page ocr_carea ocr_par ocr_line ocrx_word'/>
</head>
<body>
  <div class='ocr_page' id='page_1' title='image "./orationesqudams00cicegoog/orationesqudams00cicegoog_0095.png"; bbox 0 0 2542 4212; ppageno 0'>
   <div class='ocr_carea' id='block_1_1' title="bbox 357 273 1150 342">
    <p class='ocr_par' dir='ltr' id='par_1_1' title="bbox 357 273 1150 342">
     <span class='ocr_line' id='line_1_1' title="bbox 357 273 1150 342; baseline 0.009 -18"><span class='ocrx_word' id='word_1_1' title='bbox 357 273 493 324; x_wconf 62' lang='lat' dir='ltr'>ortes-*to</span> <span class='ocrx_word' id='word_1_2' title='bbox 510 273 579 324; x_wconf 81' lang='lat' dir='ltr'>Prto</span> <span class='ocrx_word' id='word_1_3' title='bbox 595 273 734 326; x_wconf 79' lang='lat' dir='ltr'>ARCHIA</span> <span class='ocrx_word' id='word_1_4' title='bbox 751 275 874 328; x_wconf 64' lang='lat' dir='ltr'>POETA„</span> <span class='ocrx_word' id='word_1_5' title='bbox 1113 285 1150 342; x_wconf 77' lang='lat'>91</span> 
     </span>
    </p>
   </div>
   <div class='ocr_carea' id='block_1_2' title="bbox 92 415 1228 3661">
    <p class='ocr_par' dir='ltr' id='par_1_2' title="bbox 136 415 1101 720">
     <span class='ocr_line' id='line_1_2' title="bbox 136 415 1101 491; baseline 0.001 -12"><span class='ocrx_word' id='word_1_6' title='bbox 136 420 160 479; x_wconf 84' lang='lat' dir='ltr'>si</span> <span class='ocrx_word' id='word_1_7' title='bbox 173 421 240 478; x_wconf 79' lang='lat' dir='ltr'>brec</span> <span class='ocrx_word' id='word_1_8' title='bbox 254 433 317 486; x_wconf 83' lang='lat' dir='ltr'>vox,</span> <span class='ocrx_word' id='word_1_9' title='bbox 330 415 414 489; x_wconf 87' lang='lat' dir='ltr'>hujus</span> <span class='ocrx_word' id='word_1_10' title='bbox 424 416 535 474; x_wconf 84' lang='lat' dir='ltr'>hortatu</span> <span class='ocrx_word' id='word_1_11' title='bbox 549 417 750 491; x_wconf 68' lang='lat' dir='ltr'><strong>preceptisque</strong></span> <span class='ocrx_word' id='word_1_12' title='bbox 761 419 942 491; x_wconf 80' lang='lat' dir='ltr'>conformata,</span> <span class='ocrx_word' id='word_1_13' title='bbox 956 421 1101 480; x_wconf 86' lang='lat' dir='ltr'>nonnullis</span> 
     </span>
     <span class='ocr_line' id='line_1_3' title="bbox 136 491 1100 574; baseline 0.002 -20"><span class='ocrx_word' id='word_1_14' title='bbox 136 494 290 570; x_wconf 89' lang='lat' dir='ltr'>aliquando</span> <span class='ocrx_word' id='word_1_15' title='bbox 303 491 383 550; x_wconf 92' lang='lat' dir='ltr'>saluti</span> <span class='ocrx_word' id='word_1_16' title='bbox 398 493 469 560; x_wconf 86' lang='lat' dir='ltr'>lirit;</span> <span class='ocrx_word' id='word_1_17' title='bbox 491 513 508 549; x_wconf 82' lang='lat' dir='ltr'>a</span> <span class='ocrx_word' id='word_1_18' title='bbox 521 512 577 566; x_wconf 89' lang='lat' dir='ltr'>quo</span> <span class='ocrx_word' id='word_1_19' title='bbox 590 495 619 549; x_wconf 92' lang='lat' dir='ltr'>id</span> <span class='ocrx_word' id='word_1_20' title='bbox 633 495 803 568; x_wconf 78' lang='lat' dir='ltr'>accepimus,</span> <span class='ocrx_word' id='word_1_21' title='bbox 817 513 875 568; x_wconf 92' lang='lat' dir='ltr'>quo</span> <span class='ocrx_word' id='word_1_22' title='bbox 888 497 996 554; x_wconf 81' lang='lat' dir='ltr'>ceteris</span> <span class='ocrx_word' id='word_1_23' title='bbox 1009 499 1100 574; x_wconf 84' lang='lat' dir='ltr'>opitu·</span> 
     </span>
     <span class='ocr_line' id='line_1_4' title="bbox 137 568 1098 647; baseline 0.002 -17"><span class='ocrx_word' id='word_1_24' title='bbox 137 575 191 633; x_wconf 88' lang='lat' dir='ltr'>lari</span> <span class='ocrx_word' id='word_1_25' title='bbox 209 582 238 628; x_wconf 92' lang='lat' dir='ltr'>et</span> <span class='ocrx_word' id='word_1_26' title='bbox 251 570 320 627; x_wconf 86' lang='lat' dir='ltr'>alios</span> <span class='ocrx_word' id='word_1_27' title='bbox 340 587 450 626; x_wconf 82' lang='lat' dir='ltr'>servare</span> <span class='ocrx_word' id='word_1_28' title='bbox 469 588 627 644; x_wconf 83' lang='lat' dir='ltr'>possemus,</span> <span class='ocrx_word' id='word_1_29' title='bbox 649 571 716 626; x_wconf 93' lang='lat' dir='ltr'>huic</span> <span class='ocrx_word' id='word_1_30' title='bbox 736 568 864 645; x_wconf 83' lang='lat' dir='ltr'>prosectd</span> <span class='ocrx_word' id='word_1_31' title='bbox 879 572 941 647; x_wconf 91' lang='lat' dir='ltr'>ipsi,</span> <span class='ocrx_word' id='word_1_32' title='bbox 960 587 1098 647; x_wconf 84' lang='lat' dir='ltr'>quantum</span> 
     </span>
     <span class='ocr_line' id='line_1_5' title="bbox 137 647 990 720; baseline -0.002 -12"><span class='ocrx_word' id='word_1_33' title='bbox 137 661 182 708; x_wconf 82' lang='lat' dir='ltr'>est</span> <span class='ocrx_word' id='word_1_34' title='bbox 196 650 281 706; x_wconf 90' lang='lat' dir='ltr'>situm</span> <span class='ocrx_word' id='word_1_35' title='bbox 296 649 325 703; x_wconf 93' lang='lat' dir='ltr'>in</span> <span class='ocrx_word' id='word_1_36' title='bbox 339 647 431 717; x_wconf 91' lang='lat' dir='ltr'>nobis,</span> <span class='ocrx_word' id='word_1_37' title='bbox 445 657 475 704; x_wconf 86' lang='lat' dir='ltr'>et</span> <span class='ocrx_word' id='word_1_38' title='bbox 486 665 570 720; x_wconf 89' lang='lat' dir='ltr'>opem</span> <span class='ocrx_word' id='word_1_39' title='bbox 584 659 613 703; x_wconf 92' lang='lat' dir='ltr'>et</span> <span class='ocrx_word' id='word_1_40' title='bbox 626 647 746 704; x_wconf 90' lang='lat' dir='ltr'>salutem</span> <span class='ocrx_word' id='word_1_41' title='bbox 761 648 833 704; x_wconf 84' lang='lat' dir='ltr'>serre</span> <span class='ocrx_word' id='word_1_42' title='bbox 847 649 990 706; x_wconf 83' lang='lat' dir='ltr'>debemus.</span> 
     </span>
    </p>

    <p class='ocr_par' dir='ltr' id='par_1_3' title="bbox 137 721 1147 1184">
     <span class='ocr_line' id='line_1_6' title="bbox 176 721 1137 800; baseline 0.003 -17"><span class='ocrx_word' id='word_1_43' title='bbox 176 727 232 796; x_wconf 92' lang='lat' dir='ltr'>Ac,</span> <span class='ocrx_word' id='word_1_44' title='bbox 254 724 369 798; x_wconf 88' lang='lat' dir='ltr'>nequis</span> <span class='ocrx_word' id='word_1_45' title='bbox 389 742 407 778; x_wconf 92' lang='lat' dir='ltr'>a</span> <span class='ocrx_word' id='word_1_46' title='bbox 420 724 502 780; x_wconf 92' lang='lat' dir='ltr'>nobis</span> <span class='ocrx_word' id='word_1_47' title='bbox 522 724 577 780; x_wconf 88' lang='lat' dir='ltr'>lroc</span> <span class='ocrx_word' id='word_1_48' title='bbox 590 724 630 780; x_wconf 87' lang='lat' dir='ltr'>ita</span> <span class='ocrx_word' id='word_1_49' title='bbox 650 723 709 780; x_wconf 92' lang='lat' dir='ltr'>dici</span> <span class='ocrx_word' id='word_1_50' title='bbox 724 721 794 780; x_wconf 76' lang='lat' dir='ltr'>sorte</span> <span class='ocrx_word' id='word_1_51' title='bbox 815 725 941 798; x_wconf 88' lang='lat' dir='ltr'>miretur,</span> <span class='ocrx_word' id='word_1_52' title='bbox 954 723 1030 800; x_wconf 81' lang='lat' dir='ltr'>qudd</span> <span class='ocrx_word' id='word_1_53' title='bbox 1044 728 1099 786; x_wconf 84' lang='lat' dir='ltr'>slis</span> <span class='ocrx_word' id='word_1_54' title='bbox 1119 745 1137 798; x_wconf 77' lang='lat'><strong>5</strong></span> 
     </span>
     <span class='ocr_line' id='line_1_7' title="bbox 137 800 1100 878; baseline 0.002 -18"><span class='ocrx_word' id='word_1_55' title='bbox 137 805 267 878; x_wconf 78' lang='lat' dir='ltr'>quedam</span> <span class='ocrx_word' id='word_1_56' title='bbox 283 802 314 857; x_wconf 93' lang='lat' dir='ltr'>in</span> <span class='ocrx_word' id='word_1_57' title='bbox 328 802 385 856; x_wconf 90' lang='lat' dir='ltr'>hoc</span> <span class='ocrx_word' id='word_1_58' title='bbox 400 800 516 856; x_wconf 81' lang='lat' dir='ltr'>lbcultas</span> <span class='ocrx_word' id='word_1_59' title='bbox 530 800 567 856; x_wconf 91' lang='lat' dir='ltr'>sit</span> <span class='ocrx_word' id='word_1_60' title='bbox 581 800 701 875; x_wconf 86' lang='lat' dir='ltr'>ingenii,</span> <span class='ocrx_word' id='word_1_61' title='bbox 716 819 808 874; x_wconf 91' lang='lat' dir='ltr'>neque</span> <span class='ocrx_word' id='word_1_62' title='bbox 822 801 884 858; x_wconf 86' lang='lat' dir='ltr'>haec</span> <span class='ocrx_word' id='word_1_63' title='bbox 898 803 1013 860; x_wconf 92' lang='lat' dir='ltr'>dicendi</span> <span class='ocrx_word' id='word_1_64' title='bbox 1028 805 1100 862; x_wconf 84' lang='lat' dir='ltr'>ratio</span> 
     </span>
     <span class='ocr_line' id='line_1_8' title="bbox 139 877 1099 954; baseline 0.004 -18"><span class='ocrx_word' id='word_1_65' title='bbox 139 892 189 936; x_wconf 89' lang='lat' dir='ltr'>aut</span> <span class='ocrx_word' id='word_1_66' title='bbox 206 878 375 952; x_wconf 89' lang='lat' dir='ltr'>disciplina;</span> <span class='ocrx_word' id='word_1_67' title='bbox 396 895 497 934; x_wconf 89' lang='lat' dir='ltr'>nenos</span> <span class='ocrx_word' id='word_1_68' title='bbox 513 877 629 950; x_wconf 91' lang='lat' dir='ltr'>quidem</span> <span class='ocrx_word' id='word_1_69' title='bbox 649 878 716 934; x_wconf 92' lang='lat' dir='ltr'>huic</span> <span class='ocrx_word' id='word_1_70' title='bbox 736 878 785 934; x_wconf 92' lang='lat' dir='ltr'>uni</span> <span class='ocrx_word' id='word_1_71' title='bbox 804 879 897 935; x_wconf 93' lang='lat' dir='ltr'>studio</span> <span class='ocrx_word' id='word_1_72' title='bbox 914 881 1028 954; x_wconf 87' lang='lat' dir='ltr'>penitus</span> <span class='ocrx_word' id='word_1_73' title='bbox 1049 899 1099 940; x_wconf 84' lang='lat' dir='ltr'>un·</span> 
     </span>
     <span class='ocr_line' id='line_1_9' title="bbox 140 953 1098 1030; baseline 0.004 -18"><span class='ocrx_word' id='word_1_74' title='bbox 140 975 227 1030; x_wconf 87' lang='lat' dir='ltr'>quarn</span> <span class='ocrx_word' id='word_1_75' title='bbox 242 954 329 1010; x_wconf 88' lang='lat' dir='ltr'>dediti</span> <span class='ocrx_word' id='word_1_76' title='bbox 345 953 453 1010; x_wconf 88' lang='lat' dir='ltr'>fuimus.</span> <span class='ocrx_word' id='word_1_77' title='bbox 494 953 609 1010; x_wconf 87' lang='lat' dir='ltr'>Etenim</span> <span class='ocrx_word' id='word_1_78' title='bbox 628 973 728 1010; x_wconf 89' lang='lat' dir='ltr'>omnes</span> <span class='ocrx_word' id='word_1_79' title='bbox 741 965 825 1026; x_wconf 85' lang='lat' dir='ltr'>artes,</span> <span class='ocrx_word' id='word_1_80' title='bbox 837 973 900 1030; x_wconf 78' lang='lat' dir='ltr'>qum</span> <span class='ocrx_word' id='word_1_81' title='bbox 921 957 956 1014; x_wconf 89' lang='lat' dir='ltr'>ad</span> <span class='ocrx_word' id='word_1_82' title='bbox 970 957 1098 1016; x_wconf 87' lang='lat' dir='ltr'>humani·</span> 
     </span>
     <span class='ocr_line' id='line_1_10' title="bbox 141 1031 1097 1106; baseline 0.002 -16"><span class='ocrx_word' id='word_1_83' title='bbox 141 1044 227 1090; x_wconf 91' lang='lat' dir='ltr'>tatem</span> <span class='ocrx_word' id='word_1_84' title='bbox 247 1031 397 1106; x_wconf 85' lang='lat' dir='ltr'>pertinent,</span> <span class='ocrx_word' id='word_1_85' title='bbox 420 1032 525 1088; x_wconf 89' lang='lat' dir='ltr'>habent</span> <span class='ocrx_word' id='word_1_86' title='bbox 543 1031 684 1105; x_wconf 79' lang='lat' dir='ltr'>quoddam</span> <span class='ocrx_word' id='word_1_87' title='bbox 705 1048 856 1090; x_wconf 88' lang='lat' dir='ltr'>commune</span> <span class='ocrx_word' id='word_1_88' title='bbox 878 1032 1037 1103; x_wconf 78' lang='lat' dir='ltr'>vinculum3</span> <span class='ocrx_word' id='word_1_89' title='bbox 1059 1047 1097 1106; x_wconf 88' lang='lat' dir='ltr'>et,</span> 
     </span>
     <span class='ocr_line' id='line_1_11' title="bbox 140 1107 1147 1184; baseline -0.002 -17"><span class='ocrx_word' id='word_1_90' title='bbox 140 1110 218 1184; x_wconf 87' lang='lat' dir='ltr'>quasi</span> <span class='ocrx_word' id='word_1_91' title='bbox 233 1109 403 1184; x_wconf 81' lang='lat' dir='ltr'>cognatione</span> <span class='ocrx_word' id='word_1_92' title='bbox 416 1108 548 1182; x_wconf 74' lang='lat' dir='ltr'>quedam,</span> <span class='ocrx_word' id='word_1_93' title='bbox 563 1107 635 1165; x_wconf 94' lang='lat' dir='ltr'>inter</span> <span class='ocrx_word' id='word_1_94' title='bbox 649 1126 680 1163; x_wconf 91' lang='lat' dir='ltr'>se</span> <span class='ocrx_word' id='word_1_95' title='bbox 694 1108 883 1166; x_wconf 89' lang='lat' dir='ltr'>continentur.</span> <span class='ocrx_word' id='word_1_96' title='bbox 1114 1131 1147 1183; x_wconf 82' lang='lat'>10</span> 
     </span>
    </p>

    <p class='ocr_par' dir='ltr' id='par_1_4' title="bbox 130 1184 1228 2650">
     <span class='ocr_line' id='line_1_12' title="bbox 177 1184 1097 1260; baseline 0.008 -18"><span class='ocrx_word' id='word_1_97' title='bbox 177 1186 217 1243; x_wconf 92' lang='lat' dir='ltr'>ll.</span> <span class='ocrx_word' id='word_1_98' title='bbox 253 1186 321 1257; x_wconf 87' lang='lat' dir='ltr'>Sed,</span> <span class='ocrx_word' id='word_1_99' title='bbox 343 1203 380 1242; x_wconf 90' lang='lat' dir='ltr'>ne</span> <span class='ocrx_word' id='word_1_100' title='bbox 406 1185 454 1242; x_wconf 91' lang='lat' dir='ltr'>cui</span> <span class='ocrx_word' id='word_1_101' title='bbox 476 1184 598 1240; x_wconf 73' lang='lat' dir='ltr'>restrum</span> <span class='ocrx_word' id='word_1_102' title='bbox 626 1184 727 1240; x_wconf 90' lang='lat' dir='ltr'>mirum</span> <span class='ocrx_word' id='word_1_103' title='bbox 748 1204 810 1243; x_wconf 89' lang='lat' dir='ltr'>esse</span> <span class='ocrx_word' id='word_1_104' title='bbox 832 1186 967 1260; x_wconf 86' lang='lat' dir='ltr'>videatur,</span> <span class='ocrx_word' id='word_1_105' title='bbox 988 1207 1043 1260; x_wconf 90' lang='lat' dir='ltr'>me,</span> <span class='ocrx_word' id='word_1_106' title='bbox 1067 1191 1097 1248; x_wconf 87' lang='lat' dir='ltr'>in</span> 
     </span>
     <span class='ocr_line' id='line_1_13' title="bbox 139 1259 1096 1343; baseline 0.002 -19"><span class='ocrx_word' id='word_1_107' title='bbox 139 1265 293 1340; x_wconf 82' lang='lat' dir='ltr'>questione</span> <span class='ocrx_word' id='word_1_108' title='bbox 317 1261 455 1338; x_wconf 70' lang='lat' dir='ltr'>legitimis,</span> <span class='ocrx_word' id='word_1_109' title='bbox 470 1273 499 1318; x_wconf 91' lang='lat' dir='ltr'>et</span> <span class='ocrx_word' id='word_1_110' title='bbox 521 1261 549 1318; x_wconf 92' lang='lat' dir='ltr'>in</span> <span class='ocrx_word' id='word_1_111' title='bbox 571 1261 682 1336; x_wconf 90' lang='lat' dir='ltr'>judicio</span> <span class='ocrx_word' id='word_1_112' title='bbox 694 1261 820 1335; x_wconf 93' lang='lat' dir='ltr'>publico,</span> <span class='ocrx_word' id='word_1_113' title='bbox 844 1259 912 1322; x_wconf 80' lang='lat' dir='ltr'>edm</span> <span class='ocrx_word' id='word_1_114' title='bbox 932 1284 978 1324; x_wconf 85' lang='lat' dir='ltr'>res</span> <span class='ocrx_word' id='word_1_115' title='bbox 999 1277 1096 1343; x_wconf 83' lang='lat' dir='ltr'>agetur</span> 
     </span>
     <span class='ocr_line' id='line_1_14' title="bbox 139 1337 1095 1419; baseline 0.004 -20"><span class='ocrx_word' id='word_1_116' title='bbox 139 1343 213 1418; x_wconf 88' lang='lat' dir='ltr'>apud</span> <span class='ocrx_word' id='word_1_117' title='bbox 232 1351 381 1416; x_wconf 73' lang='lat' dir='ltr'>pretorem</span> <span class='ocrx_word' id='word_1_118' title='bbox 394 1339 490 1415; x_wconf 90' lang='lat' dir='ltr'>populi</span> <span class='ocrx_word' id='word_1_119' title='bbox 511 1337 647 1409; x_wconf 84' lang='lat' dir='ltr'>Romani,</span> <span class='ocrx_word' id='word_1_120' title='bbox 661 1338 846 1397; x_wconf 88' lang='lat' dir='ltr'>lectissimum</span> <span class='ocrx_word' id='word_1_121' title='bbox 865 1342 966 1416; x_wconf 87' lang='lat' dir='ltr'>virum,</span> <span class='ocrx_word' id='word_1_122' title='bbox 979 1355 1008 1402; x_wconf 91' lang='lat' dir='ltr'>et</span> <span class='ocrx_word' id='word_1_123' title='bbox 1021 1345 1095 1419; x_wconf 87' lang='lat' dir='ltr'>apud</span> 
     </span>
     <span class='ocr_line' id='line_1_15' title="bbox 139 1417 1095 1494; baseline 0 -18"><span class='ocrx_word' id='word_1_124' title='bbox 139 1419 330 1476; x_wconf 86' lang='lat' dir='ltr'>severissimos</span> <span class='ocrx_word' id='word_1_125' title='bbox 341 1417 462 1492; x_wconf 84' lang='lat' dir='ltr'>judices,</span> <span class='ocrx_word' id='word_1_126' title='bbox 477 1427 556 1474; x_wconf 88' lang='lat' dir='ltr'>tanto</span> <span class='ocrx_word' id='word_1_127' title='bbox 570 1427 711 1474; x_wconf 87' lang='lat' dir='ltr'>conventu</span> <span class='ocrx_word' id='word_1_128' title='bbox 725 1417 870 1475; x_wconf 89' lang='lat' dir='ltr'>bominum</span> <span class='ocrx_word' id='word_1_129' title='bbox 881 1438 915 1476; x_wconf 80' lang='lat' dir='ltr'>ac</span> <span class='ocrx_word' id='word_1_130' title='bbox 930 1419 1095 1494; x_wconf 71' lang='lat' dir='ltr'>frequentit,</span> 
     </span>
     <span class='ocr_line' id='line_1_16' title="bbox 141 1490 1146 1572; baseline 0.003 -20"><span class='ocrx_word' id='word_1_131' title='bbox 141 1497 197 1552; x_wconf 91' lang='lat' dir='ltr'>hoc</span> <span class='ocrx_word' id='word_1_132' title='bbox 210 1496 252 1552; x_wconf 89' lang='lat' dir='ltr'>uti</span> <span class='ocrx_word' id='word_1_133' title='bbox 265 1513 369 1570; x_wconf 84' lang='lat' dir='ltr'>genere</span> <span class='ocrx_word' id='word_1_134' title='bbox 383 1494 508 1564; x_wconf 87' lang='lat' dir='ltr'>dicendi,</span> <span class='ocrx_word' id='word_1_135' title='bbox 521 1494 595 1568; x_wconf 93' lang='lat' dir='ltr'>quod</span> <span class='ocrx_word' id='word_1_136' title='bbox 605 1513 662 1552; x_wconf 90' lang='lat' dir='ltr'>non</span> <span class='ocrx_word' id='word_1_137' title='bbox 676 1490 761 1552; x_wconf 79' lang='lat' dir='ltr'>modd</span> <span class='ocrx_word' id='word_1_138' title='bbox 775 1513 793 1550; x_wconf 84' lang='lat' dir='ltr'>a</span> <span class='ocrx_word' id='word_1_139' title='bbox 805 1497 1011 1554; x_wconf 88' lang='lat' dir='ltr'>consuetudine</span> <span class='ocrx_word' id='word_1_140' title='bbox 1023 1497 1096 1572; x_wconf 89' lang='lat' dir='ltr'>judi·</span> <span class='ocrx_word' id='word_1_141' title='bbox 1113 1513 1146 1564; x_wconf 72' lang='lat'>15</span> 
     </span>
     <span class='ocr_line' id='line_1_17' title="bbox 141 1569 1096 1649; baseline 0.002 -18"><span class='ocrx_word' id='word_1_142' title='bbox 141 1574 261 1643; x_wconf 90' lang='lat' dir='ltr'>ciorum,</span> <span class='ocrx_word' id='word_1_143' title='bbox 275 1569 373 1630; x_wconf 75' lang='lat' dir='ltr'>verbm</span> <span class='ocrx_word' id='word_1_144' title='bbox 388 1571 472 1628; x_wconf 91' lang='lat' dir='ltr'>ctiam</span> <span class='ocrx_word' id='word_1_145' title='bbox 486 1590 503 1627; x_wconf 83' lang='lat' dir='ltr'>a</span> <span class='ocrx_word' id='word_1_146' title='bbox 522 1571 623 1628; x_wconf 82' lang='lat' dir='ltr'>lorensi</span> <span class='ocrx_word' id='word_1_147' title='bbox 636 1589 778 1642; x_wconf 88' lang='lat' dir='ltr'>sermone,</span> <span class='ocrx_word' id='word_1_148' title='bbox 792 1571 957 1630; x_wconf 87' lang='lat' dir='ltr'>abhorreat:</span> <span class='ocrx_word' id='word_1_149' title='bbox 971 1593 1065 1649; x_wconf 78' lang='lat' dir='ltr'>queso</span> <span class='ocrx_word' id='word_1_150' title='bbox 1079 1594 1096 1642; x_wconf 79' lang='lat' dir='ltr'>s</span> 
     </span>
     <span class='ocr_line' id='line_1_18' title="bbox 139 1647 1096 1722; baseline 0.002 -14"><span class='ocrx_word' id='word_1_151' title='bbox 139 1651 229 1721; x_wconf 86' lang='lat' dir='ltr'>robis,</span> <span class='ocrx_word' id='word_1_152' title='bbox 244 1660 283 1721; x_wconf 90' lang='lat' dir='ltr'>ut,</span> <span class='ocrx_word' id='word_1_153' title='bbox 306 1650 336 1707; x_wconf 91' lang='lat' dir='ltr'>in</span> <span class='ocrx_word' id='word_1_154' title='bbox 349 1650 403 1710; x_wconf 83' lang='lat' dir='ltr'>hac</span> <span class='ocrx_word' id='word_1_155' title='bbox 416 1648 512 1720; x_wconf 75' lang='lat' dir='ltr'>causa,</span> <span class='ocrx_word' id='word_1_156' title='bbox 527 1647 597 1705; x_wconf 91' lang='lat' dir='ltr'>mihi</span> <span class='ocrx_word' id='word_1_157' title='bbox 618 1648 689 1704; x_wconf 89' lang='lat' dir='ltr'>detis</span> <span class='ocrx_word' id='word_1_158' title='bbox 708 1649 783 1704; x_wconf 81' lang='lat' dir='ltr'>lianc</span> <span class='ocrx_word' id='word_1_159' title='bbox 803 1649 924 1722; x_wconf 81' lang='lat' dir='ltr'>veniam,</span> <span class='ocrx_word' id='word_1_160' title='bbox 938 1669 1096 1712; x_wconf 85' lang='lat' dir='ltr'>accommo-</span> 
     </span>
     <span class='ocr_line' id='line_1_19' title="bbox 138 1723 1096 1804; baseline 0.002 -18"><span class='ocrx_word' id='word_1_161' title='bbox 138 1731 233 1786; x_wconf 86' lang='lat' dir='ltr'>datam</span> <span class='ocrx_word' id='word_1_162' title='bbox 251 1728 320 1784; x_wconf 92' lang='lat' dir='ltr'>huic</span> <span class='ocrx_word' id='word_1_163' title='bbox 340 1746 399 1798; x_wconf 89' lang='lat' dir='ltr'>reo,</span> <span class='ocrx_word' id='word_1_164' title='bbox 420 1726 498 1783; x_wconf 83' lang='lat' dir='ltr'>vobis</span> <span class='ocrx_word' id='word_1_165' title='bbox 526 1723 779 1800; x_wconf 79' lang='lat' dir='ltr'>(quemadmodum</span> <span class='ocrx_word' id='word_1_166' title='bbox 800 1727 898 1804; x_wconf 89' lang='lat' dir='ltr'>spero)</span> <span class='ocrx_word' id='word_1_167' title='bbox 920 1747 977 1786; x_wconf 91' lang='lat' dir='ltr'>non</span> <span class='ocrx_word' id='word_1_168' title='bbox 998 1731 1096 1788; x_wconf 90' lang='lat' dir='ltr'>moles·</span> 
     </span>
     <span class='ocr_line' id='line_1_20' title="bbox 139 1802 1096 1878; baseline 0.001 -15"><span class='ocrx_word' id='word_1_169' title='bbox 139 1818 218 1873; x_wconf 86' lang='lat' dir='ltr'>tam;</span> <span class='ocrx_word' id='word_1_170' title='bbox 239 1815 271 1860; x_wconf 90' lang='lat' dir='ltr'>ut</span> <span class='ocrx_word' id='word_1_171' title='bbox 286 1824 342 1874; x_wconf 90' lang='lat' dir='ltr'>me,</span> <span class='ocrx_word' id='word_1_172' title='bbox 361 1824 412 1878; x_wconf 91' lang='lat' dir='ltr'>pro</span> <span class='ocrx_word' id='word_1_173' title='bbox 432 1821 543 1858; x_wconf 88' lang='lat' dir='ltr'>summo</span> <span class='ocrx_word' id='word_1_174' title='bbox 563 1802 649 1876; x_wconf 66' lang='lat' dir='ltr'>poete</span> <span class='ocrx_word' id='word_1_175' title='bbox 670 1813 753 1876; x_wconf 85' lang='lat' dir='ltr'>atque</span> <span class='ocrx_word' id='word_1_176' title='bbox 774 1803 965 1862; x_wconf 87' lang='lat' dir='ltr'>eruditissimo</span> <span class='ocrx_word' id='word_1_177' title='bbox 982 1808 1096 1864; x_wconf 88' lang='lat' dir='ltr'>homine</span> 
     </span>
     <span class='ocr_line' id='line_1_21' title="bbox 139 1879 1146 1954; baseline 0 -14"><span class='ocrx_word' id='word_1_178' title='bbox 139 1885 295 1952; x_wconf 85' lang='lat' dir='ltr'>dicentem,</span> <span class='ocrx_word' id='word_1_179' title='bbox 310 1881 365 1938; x_wconf 91' lang='lat' dir='ltr'>hoc</span> <span class='ocrx_word' id='word_1_180' title='bbox 378 1898 518 1941; x_wconf 89' lang='lat' dir='ltr'>concursu</span> <span class='ocrx_word' id='word_1_181' title='bbox 533 1879 679 1936; x_wconf 90' lang='lat' dir='ltr'>hominum</span> <span class='ocrx_word' id='word_1_182' title='bbox 692 1880 956 1954; x_wconf 84' lang='lat' dir='ltr'>literatissimorum,</span> <span class='ocrx_word' id='word_1_183' title='bbox 971 1883 1024 1940; x_wconf 89' lang='lat' dir='ltr'>hac</span> <span class='ocrx_word' id='word_1_184' title='bbox 1039 1903 1097 1940; x_wconf 87' lang='lat' dir='ltr'>ves·</span> <span class='ocrx_word' id='word_1_185' title='bbox 1110 1895 1146 1950; x_wconf 71' lang='lat' dir='ltr'>m</span> 
     </span>
     <span class='ocr_line' id='line_1_22' title="bbox 136 1945 1095 2036; baseline 0 -16"><span class='ocrx_word' id='word_1_186' title='bbox 136 1960 181 2020; x_wconf 69' lang='lat' dir='ltr'>trd</span> <span class='ocrx_word' id='word_1_187' title='bbox 205 1945 391 2029; x_wconf 71' lang='lat' dir='ltr'>immanitate,</span> <span class='ocrx_word' id='word_1_188' title='bbox 413 1959 467 2016; x_wconf 91' lang='lat' dir='ltr'>hoc</span> <span class='ocrx_word' id='word_1_189' title='bbox 488 1957 612 2032; x_wconf 90' lang='lat' dir='ltr'>denique</span> <span class='ocrx_word' id='word_1_190' title='bbox 633 1967 751 2032; x_wconf 82' lang='lat' dir='ltr'>pretore</span> <span class='ocrx_word' id='word_1_191' title='bbox 774 1971 926 2018; x_wconf 77' lang='lat' dir='ltr'>exercente</span> <span class='ocrx_word' id='word_1_192' title='bbox 945 1961 1095 2036; x_wconf 89' lang='lat' dir='ltr'>judicium,</span> 
     </span>
     <span class='ocr_line' id='line_1_23' title="bbox 136 2033 1097 2115; baseline 0.002 -19"><span class='ocrx_word' id='word_1_193' title='bbox 136 2037 284 2115; x_wconf 89' lang='lat' dir='ltr'>patiamini</span> <span class='ocrx_word' id='word_1_194' title='bbox 299 2037 335 2093; x_wconf 93' lang='lat' dir='ltr'>de</span> <span class='ocrx_word' id='word_1_195' title='bbox 348 2036 450 2094; x_wconf 86' lang='lat' dir='ltr'>studiis</span> <span class='ocrx_word' id='word_1_196' title='bbox 458 2033 641 2092; x_wconf 85' lang='lat' dir='ltr'>humanitatis</span> <span class='ocrx_word' id='word_1_197' title='bbox 649 2053 683 2095; x_wconf 86' lang='lat' dir='ltr'>ao</span> <span class='ocrx_word' id='word_1_198' title='bbox 691 2035 835 2093; x_wconf 84' lang='lat' dir='ltr'>literarum</span> <span class='ocrx_word' id='word_1_199' title='bbox 848 2034 933 2112; x_wconf 82' lang='lat' dir='ltr'>pauld</span> <span class='ocrx_word' id='word_1_200' title='bbox 941 2037 1017 2114; x_wconf 91' lang='lat' dir='ltr'>loqui</span> <span class='ocrx_word' id='word_1_201' title='bbox 1029 2039 1097 2098; x_wconf 91' lang='lat' dir='ltr'>libe·</span> 
     </span>
     <span class='ocr_line' id='line_1_24' title="bbox 135 2113 1095 2190; baseline 0 -16"><span class='ocrx_word' id='word_1_202' title='bbox 135 2115 211 2185; x_wconf 78' lang='lat' dir='ltr'>rilrs3</span> <span class='ocrx_word' id='word_1_203' title='bbox 226 2127 266 2187; x_wconf 83' lang='lat' dir='ltr'>et,</span> <span class='ocrx_word' id='word_1_204' title='bbox 278 2116 309 2171; x_wconf 90' lang='lat' dir='ltr'>in</span> <span class='ocrx_word' id='word_1_205' title='bbox 319 2114 454 2189; x_wconf 83' lang='lat' dir='ltr'>ejusmodi</span> <span class='ocrx_word' id='word_1_206' title='bbox 465 2113 597 2189; x_wconf 77' lang='lat' dir='ltr'>persond,</span> <span class='ocrx_word' id='word_1_207' title='bbox 611 2131 684 2187; x_wconf 79' lang='lat' dir='ltr'>quae,</span> <span class='ocrx_word' id='word_1_208' title='bbox 697 2125 808 2189; x_wconf 90' lang='lat' dir='ltr'>propter</span> <span class='ocrx_word' id='word_1_209' title='bbox 818 2115 906 2172; x_wconf 87' lang='lat' dir='ltr'>otium</span> <span class='ocrx_word' id='word_1_210' title='bbox 917 2135 951 2174; x_wconf 87' lang='lat' dir='ltr'>ac</span> <span class='ocrx_word' id='word_1_211' title='bbox 961 2117 1095 2190; x_wconf 90' lang='lat' dir='ltr'>studium,</span> 
     </span>
     <span class='ocr_line' id='line_1_25' title="bbox 135 2189 1097 2324; baseline 0 -72"><span class='ocrx_word' id='word_1_212' title='bbox 135 2191 255 2252; x_wconf 76' lang='lat' dir='ltr'>minime</span> <span class='ocrx_word' id='word_1_213' title='bbox 271 2195 301 2249; x_wconf 89' lang='lat' dir='ltr'>in</span> <span class='ocrx_word' id='word_1_214' title='bbox 320 2192 437 2266; x_wconf 84' lang='lat' dir='ltr'>judiciis</span> <span class='ocrx_word' id='word_1_215' title='bbox 450 2189 640 2324; x_wconf 80' lang='lat' dir='ltr'>periculisque</span> <span class='ocrx_word' id='word_1_216' title='bbox 664 2201 782 2248; x_wconf 87' lang='lat' dir='ltr'>tractata</span> <span class='ocrx_word' id='word_1_217' title='bbox 795 2202 848 2262; x_wconf 89' lang='lat' dir='ltr'>est,</span> <span class='ocrx_word' id='word_1_218' title='bbox 862 2193 904 2252; x_wconf 85' lang='lat' dir='ltr'>uti</span> <span class='ocrx_word' id='word_1_219' title='bbox 924 2191 1010 2268; x_wconf 73' lang='lat' dir='ltr'>propd</span> <span class='ocrx_word' id='word_1_220' title='bbox 1025 2213 1097 2252; x_wconf 85' lang='lat' dir='ltr'>novo</span> 
     </span>
     <span class='ocr_line' id='line_1_26' title="bbox 136 2267 1145 2346; baseline 0 -20"><span class='ocrx_word' id='word_1_221' title='bbox 136 2273 259 2346; x_wconf 85' lang='lat' dir='ltr'>quodam</span> <span class='ocrx_word' id='word_1_222' title='bbox 274 2280 305 2326; x_wconf 91' lang='lat' dir='ltr'>et</span> <span class='ocrx_word' id='word_1_223' title='bbox 318 2270 450 2325; x_wconf 85' lang='lat' dir='ltr'>inusitato</span> <span class='ocrx_word' id='word_1_224' title='bbox 468 2285 575 2342; x_wconf 87' lang='lat' dir='ltr'>genere</span> <span class='ocrx_word' id='word_1_225' title='bbox 610 2267 712 2324; x_wconf 88' lang='lat' dir='ltr'>icendi.</span> <span class='ocrx_word' id='word_1_226' title='bbox 752 2267 840 2330; x_wconf 82' lang='lat' dir='ltr'>Quod</span> <span class='ocrx_word' id='word_1_227' title='bbox 854 2269 878 2326; x_wconf 92' lang='lat' dir='ltr'>si</span> <span class='ocrx_word' id='word_1_228' title='bbox 901 2271 971 2328; x_wconf 91' lang='lat' dir='ltr'>mihi</span> <span class='ocrx_word' id='word_1_229' title='bbox 989 2289 1007 2326; x_wconf 91' lang='lat' dir='ltr'>a</span> <span class='ocrx_word' id='word_1_230' title='bbox 1019 2270 1096 2327; x_wconf 90' lang='lat' dir='ltr'>vobis</span> <span class='ocrx_word' id='word_1_231' title='bbox 1110 2281 1145 2334; x_wconf 77' lang='lat'>25</span> 
     </span>
     <span class='ocr_line' id='line_1_27' title="bbox 134 2344 1094 2422; baseline -0.001 -17"><span class='ocrx_word' id='word_1_232' title='bbox 134 2349 223 2406; x_wconf 86' lang='lat' dir='ltr'>tribui</span> <span class='ocrx_word' id='word_1_233' title='bbox 243 2347 418 2421; x_wconf 87' lang='lat' dir='ltr'>concedique</span> <span class='ocrx_word' id='word_1_234' title='bbox 436 2345 576 2414; x_wconf 89' lang='lat' dir='ltr'>sentiam;</span> <span class='ocrx_word' id='word_1_235' title='bbox 595 2344 742 2420; x_wconf 88' lang='lat' dir='ltr'>perficiam</span> <span class='ocrx_word' id='word_1_236' title='bbox 761 2344 900 2422; x_wconf 80' lang='lat' dir='ltr'>prolectd,</span> <span class='ocrx_word' id='word_1_237' title='bbox 921 2359 952 2406; x_wconf 91' lang='lat' dir='ltr'>ut</span> <span class='ocrx_word' id='word_1_238' title='bbox 966 2348 1043 2406; x_wconf 90' lang='lat' dir='ltr'>hunc</span> <span class='ocrx_word' id='word_1_239' title='bbox 1056 2349 1094 2406; x_wconf 81' lang='lat' dir='ltr'>A.</span> 
     </span>
     <span class='ocr_line' id='line_1_28' title="bbox 133 2420 1096 2498; baseline 0 -14"><span class='ocrx_word' id='word_1_240' title='bbox 133 2426 289 2496; x_wconf 88' lang='lat' dir='ltr'>Licinium,</span> <span class='ocrx_word' id='word_1_241' title='bbox 304 2443 361 2482; x_wconf 91' lang='lat' dir='ltr'>non</span> <span class='ocrx_word' id='word_1_242' title='bbox 380 2420 464 2482; x_wconf 82' lang='lat' dir='ltr'>modd</span> <span class='ocrx_word' id='word_1_243' title='bbox 480 2441 539 2479; x_wconf 90' lang='lat' dir='ltr'>non</span> <span class='ocrx_word' id='word_1_244' title='bbox 552 2423 772 2498; x_wconf 84' lang='lat' dir='ltr'>segregandum,</span> <span class='ocrx_word' id='word_1_245' title='bbox 786 2420 853 2482; x_wconf 78' lang='lat' dir='ltr'>clim</span> <span class='ocrx_word' id='word_1_246' title='bbox 866 2427 904 2484; x_wconf 90' lang='lat' dir='ltr'>sit</span> <span class='ocrx_word' id='word_1_247' title='bbox 917 2425 996 2498; x_wconf 82' lang='lat' dir='ltr'>ciris,</span> <span class='ocrx_word' id='word_1_248' title='bbox 1015 2446 1096 2485; x_wconf 85' lang='lat' dir='ltr'>anu·</span> 
     </span>
     <span class='ocr_line' id='line_1_29' title="bbox 130 2499 1096 2578; baseline 0.001 -17"><span class='ocrx_word' id='word_1_249' title='bbox 130 2523 214 2562; x_wconf 90' lang='lat' dir='ltr'>mero</span> <span class='ocrx_word' id='word_1_250' title='bbox 234 2505 350 2574; x_wconf 84' lang='lat' dir='ltr'>civium,</span> <span class='ocrx_word' id='word_1_251' title='bbox 364 2499 462 2558; x_wconf 76' lang='lat' dir='ltr'>verbm</span> <span class='ocrx_word' id='word_1_252' title='bbox 482 2501 578 2571; x_wconf 87' lang='lat' dir='ltr'>etiam,</span> <span class='ocrx_word' id='word_1_253' title='bbox 592 2501 617 2557; x_wconf 88' lang='lat' dir='ltr'>si</span> <span class='ocrx_word' id='word_1_254' title='bbox 637 2517 695 2558; x_wconf 90' lang='lat' dir='ltr'>non</span> <span class='ocrx_word' id='word_1_255' title='bbox 710 2511 793 2574; x_wconf 87' lang='lat' dir='ltr'>esset,</span> <span class='ocrx_word' id='word_1_256' title='bbox 813 2503 917 2578; x_wconf 81' lang='lat' dir='ltr'>putetis</span> <span class='ocrx_word' id='word_1_257' title='bbox 937 2505 1096 2562; x_wconf 89' lang='lat' dir='ltr'>adsciscen-</span> 
     </span>
     <span class='ocr_line' id='line_1_30' title="bbox 133 2565 1228 2650; baseline -0.007 -14"><span class='ocrx_word' id='word_1_258' title='bbox 133 2582 205 2636; x_wconf 91' lang='lat' dir='ltr'>dum</span> <span class='ocrx_word' id='word_1_259' title='bbox 221 2581 315 2636; x_wconf 81' lang='lat' dir='ltr'>luisse.</span> <span class='ocrx_word' id='word_1_260' title='bbox 1089 2565 1131 2650; x_wconf 62' lang='lat' dir='ltr'>,jx</span> <span class='ocrx_word' id='word_1_261' title='bbox 1143 2607 1180 2630; x_wconf 61' lang='lat' dir='ltr'>„a</span> <span class='ocrx_word' id='word_1_262' title='bbox 1224 2608 1228 2616; x_wconf 91' lang='lat'>-</span> 
     </span>
    </p>

    <p class='ocr_par' dir='ltr' id='par_1_5' title="bbox 92 2649 1143 3661">
     <span class='ocr_line' id='line_1_31' title="bbox 174 2649 1095 2733; baseline 0.008 -22"><span class='ocrx_word' id='word_1_263' title='bbox 174 2657 232 2715; x_wconf 86' lang='grc' dir='ltr'><strong>ΙΙΙ.</strong></span> <span class='ocrx_word' id='word_1_264' title='bbox 268 2654 357 2725; x_wconf 92' lang='lat' dir='ltr'>Nam,</span> <span class='ocrx_word' id='word_1_265' title='bbox 375 2664 407 2710; x_wconf 90' lang='lat' dir='ltr'>ut</span> <span class='ocrx_word' id='word_1_266' title='bbox 425 2649 549 2728; x_wconf 71' lang='lat' dir='ltr'>primum</span> <span class='ocrx_word' id='word_1_267' title='bbox 567 2671 603 2708; x_wconf 83' lang='lat' dir='ltr'>ex</span> <span class='ocrx_word' id='word_1_268' title='bbox 615 2655 709 2726; x_wconf 89' lang='lat' dir='ltr'>pueris</span> <span class='ocrx_word' id='word_1_269' title='bbox 724 2655 844 2714; x_wconf 87' lang='lat' dir='ltr'>excessit</span> <span class='ocrx_word' id='word_1_270' title='bbox 863 2649 1095 2733; x_wconf 66' lang='lat' dir='ltr'>Ambissetque</span> 
     </span>
     <span class='ocr_line' id='line_1_32' title="bbox 134 2729 1094 2805; baseline -0.002 -11"><span class='ocrx_word' id='word_1_271' title='bbox 134 2738 171 2796; x_wconf 88' lang='lat' dir='ltr'>ab</span> <span class='ocrx_word' id='word_1_272' title='bbox 185 2737 222 2793; x_wconf 90' lang='lat' dir='ltr'>iis</span> <span class='ocrx_word' id='word_1_273' title='bbox 236 2734 344 2790; x_wconf 86' lang='lat' dir='ltr'>artibus</span> <span class='ocrx_word' id='word_1_274' title='bbox 358 2730 460 2805; x_wconf 89' lang='lat' dir='ltr'>quibus</span> <span class='ocrx_word' id='word_1_275' title='bbox 474 2739 548 2785; x_wconf 72' lang='lat' dir='ltr'>{etas⁴</span> <span class='ocrx_word' id='word_1_276' title='bbox 555 2729 670 2804; x_wconf 90' lang='lat' dir='ltr'>puerilis</span> <span class='ocrx_word' id='word_1_277' title='bbox 687 2731 721 2788; x_wconf 90' lang='lat' dir='ltr'>ad</span> <span class='ocrx_word' id='word_1_278' title='bbox 736 2733 937 2794; x_wconf 89' lang='lat' dir='ltr'>humanitatem</span> <span class='ocrx_word' id='word_1_279' title='bbox 951 2735 1094 2794; x_wconf 77' lang='lat' dir='ltr'>informari</span> 
     </span>
     <span class='ocr_line' id='line_1_33' title="bbox 134 2807 1095 2886; baseline 0 -16"><span class='ocrx_word' id='word_1_280' title='bbox 134 2815 217 2885; x_wconf 88' lang='lat' dir='ltr'>solet,</span> <span class='ocrx_word' id='word_1_281' title='bbox 232 2831 264 2868; x_wconf 92' lang='lat' dir='ltr'>se</span> <span class='ocrx_word' id='word_1_282' title='bbox 282 2807 475 2867; x_wconf 85' lang='lat' dir='ltr'>adscribendi</span> <span class='ocrx_word' id='word_1_283' title='bbox 493 2807 618 2871; x_wconf 78' lang='lat' dir='ltr'>studium</span> <span class='ocrx_word' id='word_1_284' title='bbox 636 2810 754 2868; x_wconf 88' lang='lat' dir='ltr'>contulit</span> <span class='ocrx_word' id='word_1_285' title='bbox 764 2832 771 2880; x_wconf 91' lang='lat'>;</span> <span class='ocrx_word' id='word_1_286' title='bbox 790 2807 913 2886; x_wconf 75' lang='lat' dir='ltr'>primirm</span> <span class='ocrx_word' id='word_1_287' title='bbox 934 2813 1095 2872; x_wconf 81' lang='lat' dir='ltr'>Antiochie</span> 
     </span>
     <span class='ocr_line' id='line_1_34' title="bbox 133 2885 1094 2971; baseline 0.001 -22"><span class='ocrx_word' id='word_1_288' title='bbox 133 2891 217 2971; x_wconf 90' lang='lat' dir='ltr'>(nam</span> <span class='ocrx_word' id='word_1_289' title='bbox 240 2890 279 2947; x_wconf 91' lang='lat' dir='ltr'>ibi</span> <span class='ocrx_word' id='word_1_290' title='bbox 303 2896 459 2957; x_wconf 88' lang='lat' dir='ltr'>natusest,</span> <span class='ocrx_word' id='word_1_291' title='bbox 482 2885 547 2943; x_wconf 92' lang='lat' dir='ltr'>loco</span> <span class='ocrx_word' id='word_1_292' title='bbox 567 2885 664 2957; x_wconf 89' lang='lat' dir='ltr'>nobili,</span> <span class='ocrx_word' id='word_1_293' title='bbox 686 2888 791 2946; x_wconf 86' lang='lat' dir='ltr'>celebri</span> <span class='ocrx_word' id='word_1_294' title='bbox 814 2891 956 2963; x_wconf 89' lang='lat' dir='ltr'>quondam</span> <span class='ocrx_word' id='word_1_295' title='bbox 977 2893 1046 2950; x_wconf 89' lang='lat' dir='ltr'>urbe</span> <span class='ocrx_word' id='word_1_296' title='bbox 1066 2902 1094 2950; x_wconf 90' lang='lat' dir='ltr'>et</span> 
     </span>
     <span class='ocr_line' id='line_1_35' title="bbox 132 2963 1094 3045; baseline 0.001 -19"><span class='ocrx_word' id='word_1_297' title='bbox 132 2969 258 3045; x_wconf 75' lang='lat' dir='ltr'>copiose,</span> <span class='ocrx_word' id='word_1_298' title='bbox 274 2977 357 3040; x_wconf 89' lang='lat' dir='ltr'>atque</span> <span class='ocrx_word' id='word_1_299' title='bbox 369 2963 567 3021; x_wconf 87' lang='lat' dir='ltr'>eruditissimis</span> <span class='ocrx_word' id='word_1_300' title='bbox 581 2964 743 3022; x_wconf 87' lang='lat' dir='ltr'>hominibus</span> <span class='ocrx_word' id='word_1_301' title='bbox 764 2965 1023 3042; x_wconf 87' lang='lat' dir='ltr'>liberalissimisque</span> <span class='ocrx_word' id='word_1_302' title='bbox 1037 2981 1094 3026; x_wconf 89' lang='lat' dir='ltr'>stu·</span> 
     </span>
     <span class='ocr_line' id='line_1_36' title="bbox 132 3039 1143 3120; baseline -0.005 -14"><span class='ocrx_word' id='word_1_303' title='bbox 132 3049 186 3106; x_wconf 89' lang='lat' dir='ltr'>diis</span> <span class='ocrx_word' id='word_1_304' title='bbox 209 3043 355 3120; x_wconf 86' lang='lat' dir='ltr'>affluenti)</span> <span class='ocrx_word' id='word_1_305' title='bbox 375 3041 506 3098; x_wconf 89' lang='lat' dir='ltr'>celeriter</span> <span class='ocrx_word' id='word_1_306' title='bbox 528 3039 696 3098; x_wconf 87' lang='lat' dir='ltr'>antecellere</span> <span class='ocrx_word' id='word_1_307' title='bbox 718 3041 851 3098; x_wconf 90' lang='lat' dir='ltr'>omnibus</span> <span class='ocrx_word' id='word_1_308' title='bbox 873 3043 982 3116; x_wconf 87' lang='lat' dir='ltr'>ingenii</span> <span class='ocrx_word' id='word_1_309' title='bbox 1005 3046 1094 3118; x_wconf 67' lang='lat' dir='ltr'>gloria</span> <span class='ocrx_word' id='word_1_310' title='bbox 1108 3056 1143 3108; x_wconf 76' lang='grc'>35</span> 
     </span>
     <span class='ocr_line' id='line_1_37' title="bbox 131 3117 1093 3200; baseline -0.007 -17"><span class='ocrx_word' id='word_1_311' title='bbox 131 3125 266 3200; x_wconf 85' lang='lat' dir='ltr'>contigit:</span> <span class='ocrx_word' id='word_1_312' title='bbox 287 3118 353 3197; x_wconf 81' lang='lat' dir='ltr'>pbst</span> <span class='ocrx_word' id='word_1_313' title='bbox 366 3120 396 3176; x_wconf 93' lang='lat' dir='ltr'>in</span> <span class='ocrx_word' id='word_1_314' title='bbox 411 3118 520 3179; x_wconf 73' lang='lat' dir='ltr'>ceteris</span> <span class='ocrx_word' id='word_1_315' title='bbox 534 3117 613 3174; x_wconf 83' lang='lat' dir='ltr'>Asiae</span> <span class='ocrx_word' id='word_1_316' title='bbox 626 3117 763 3191; x_wconf 85' lang='lat' dir='ltr'>partibus,</span> <span class='ocrx_word' id='word_1_317' title='bbox 784 3130 950 3194; x_wconf 81' lang='lat' dir='ltr'>cuncteque</span> <span class='ocrx_word' id='word_1_318' title='bbox 964 3121 1093 3194; x_wconf 71' lang='lat' dir='ltr'>Graeciae,</span> 
     </span>
     <span class='ocr_line' id='line_1_38' title="bbox 132 3194 1095 3290; baseline -0.001 -33"><span class='ocrx_word' id='word_1_319' title='bbox 132 3204 176 3258; x_wconf 89' lang='lat' dir='ltr'>sic</span> <span class='ocrx_word' id='word_1_320' title='bbox 191 3203 252 3274; x_wconf 73' lang='lat' dir='ltr'>ejus</span> <span class='ocrx_word' id='word_1_321' title='bbox 265 3202 402 3256; x_wconf 88' lang='lat' dir='ltr'>adventus</span> <span class='ocrx_word' id='word_1_322' title='bbox 416 3195 622 3266; x_wconf 82' lang='lat' dir='ltr'>celebrabatur,</span> <span class='ocrx_word' id='word_1_323' title='bbox 641 3206 672 3252; x_wconf 90' lang='lat' dir='ltr'>ut</span> <span class='ocrx_word' id='word_1_324' title='bbox 686 3194 789 3290; x_wconf 71' lang='lat' dir='ltr'>fampm</span> <span class='ocrx_word' id='word_1_325' title='bbox 802 3195 911 3271; x_wconf 84' lang='lat' dir='ltr'>ingenii</span> <span class='ocrx_word' id='word_1_326' title='bbox 925 3198 1095 3274; x_wconf 79' lang='lat' dir='ltr'>exspectatio</span> 
     </span>
     <span class='ocr_line' id='line_1_39' title="bbox 132 3271 1096 3353; baseline -0.001 -18"><span class='ocrx_word' id='word_1_327' title='bbox 132 3277 268 3346; x_wconf 89' lang='lat' dir='ltr'>hominis,</span> <span class='ocrx_word' id='word_1_328' title='bbox 282 3273 520 3349; x_wconf 80' lang='lat' dir='ltr'>exspectationem</span> <span class='ocrx_word' id='word_1_329' title='bbox 535 3272 623 3346; x_wconf 89' lang='lat' dir='ltr'>ipsius</span> <span class='ocrx_word' id='word_1_330' title='bbox 637 3271 775 3328; x_wconf 85' lang='lat' dir='ltr'>adventus</span> <span class='ocrx_word' id='word_1_331' title='bbox 789 3275 1000 3348; x_wconf 85' lang='lat' dir='ltr'>admiratioque,</span> <span class='ocrx_word' id='word_1_332' title='bbox 1014 3295 1096 3353; x_wconf 85' lang='lat' dir='ltr'>supe-</span> 
     </span>
     <span class='ocr_line' id='line_1_40' title="bbox 132 3349 1095 3429; baseline -0.001 -18"><span class='ocrx_word' id='word_1_333' title='bbox 132 3364 218 3412; x_wconf 87' lang='lat' dir='ltr'>raret.</span> <span class='ocrx_word' id='word_1_334' title='bbox 259 3351 328 3408; x_wconf 84' lang='lat' dir='ltr'>Erat</span> <span class='ocrx_word' id='word_1_335' title='bbox 346 3351 427 3406; x_wconf 87' lang='lat' dir='ltr'>ltalia</span> <span class='ocrx_word' id='word_1_336' title='bbox 440 3363 508 3408; x_wconf 91' lang='lat' dir='ltr'>tunc</span> <span class='ocrx_word' id='word_1_337' title='bbox 526 3349 611 3424; x_wconf 90' lang='lat' dir='ltr'>plena</span> <span class='ocrx_word' id='word_1_338' title='bbox 623 3350 788 3405; x_wconf 71' lang='lat' dir='ltr'>Graecarum</span> <span class='ocrx_word' id='word_1_339' title='bbox 803 3349 905 3406; x_wconf 87' lang='lat' dir='ltr'>artium</span> <span class='ocrx_word' id='word_1_340' title='bbox 925 3369 959 3407; x_wconf 91' lang='lat' dir='ltr'>ac</span> <span class='ocrx_word' id='word_1_341' title='bbox 973 3352 1095 3429; x_wconf 90' lang='lat' dir='ltr'>discipli·</span> 
     </span>
     <span class='ocr_line' id='line_1_41' title="bbox 131 3423 1143 3502; baseline 0 -14"><span class='ocrx_word' id='word_1_342' title='bbox 131 3448 256 3496; x_wconf 90' lang='lat' dir='ltr'>narum:</span> <span class='ocrx_word' id='word_1_343' title='bbox 275 3429 423 3502; x_wconf 89' lang='lat' dir='ltr'>studiaque</span> <span class='ocrx_word' id='word_1_344' title='bbox 439 3429 500 3483; x_wconf 81' lang='lat' dir='ltr'>haec</span> <span class='ocrx_word' id='word_1_345' title='bbox 521 3437 550 3484; x_wconf 92' lang='lat' dir='ltr'>et</span> <span class='ocrx_word' id='word_1_346' title='bbox 570 3427 600 3484; x_wconf 92' lang='lat' dir='ltr'>in</span> <span class='ocrx_word' id='word_1_347' title='bbox 620 3425 704 3494; x_wconf 88' lang='lat' dir='ltr'>Latio</span> <span class='ocrx_word' id='word_1_348' title='bbox 725 3423 923 3487; x_wconf 78' lang='lat' dir='ltr'>vehementilrs</span> <span class='ocrx_word' id='word_1_349' title='bbox 942 3439 1002 3496; x_wconf 84' lang='lat' dir='ltr'>tum</span> <span class='ocrx_word' id='word_1_350' title='bbox 1022 3431 1095 3488; x_wconf 86' lang='lat' dir='ltr'>cole·</span> <span class='ocrx_word' id='word_1_351' title='bbox 1108 3437 1143 3487; x_wconf 80' lang='lat'>40</span> 
     </span>
     <span class='ocr_line' id='line_1_42' title="bbox 92 3501 1094 3582; baseline -0.004 -16"><span class='ocrx_word' id='word_1_352' title='bbox 92 3549 102 3566; x_wconf 64' lang='lat'><em>‚</em></span> <span class='ocrx_word' id='word_1_353' title='bbox 130 3511 249 3578; x_wconf 87' lang='lat' dir='ltr'>bantur,</span> <span class='ocrx_word' id='word_1_354' title='bbox 263 3502 348 3580; x_wconf 77' lang='lat' dir='ltr'>qudm</span> <span class='ocrx_word' id='word_1_355' title='bbox 361 3521 439 3562; x_wconf 89' lang='lat' dir='ltr'>nunc</span> <span class='ocrx_word' id='word_1_356' title='bbox 453 3505 552 3562; x_wconf 90' lang='lat' dir='ltr'>iisdem</span> <span class='ocrx_word' id='word_1_357' title='bbox 566 3503 596 3559; x_wconf 93' lang='lat' dir='ltr'>in</span> <span class='ocrx_word' id='word_1_358' title='bbox 609 3501 739 3576; x_wconf 90' lang='lat' dir='ltr'>oppidis;</span> <span class='ocrx_word' id='word_1_359' title='bbox 753 3513 782 3559; x_wconf 93' lang='lat' dir='ltr'>et</span> <span class='ocrx_word' id='word_1_360' title='bbox 796 3502 844 3560; x_wconf 86' lang='lat' dir='ltr'>hic</span> <span class='ocrx_word' id='word_1_361' title='bbox 857 3503 968 3578; x_wconf 77' lang='lat' dir='ltr'>Rome,</span> <span class='ocrx_word' id='word_1_362' title='bbox 982 3518 1094 3582; x_wconf 89' lang='lat' dir='ltr'>propter</span> 
     </span>
     <span class='ocr_line' id='line_1_43' title="bbox 131 3576 1094 3661; baseline -0.009 -16"><span class='ocrx_word' id='word_1_363' title='bbox 131 3584 364 3661; x_wconf 82' lang='lat' dir='ltr'>tranquillitatem</span> <span class='ocrx_word' id='word_1_364' title='bbox 377 3581 550 3658; x_wconf 79' lang='lat' dir='ltr'>reipublice,</span> <span class='ocrx_word' id='word_1_365' title='bbox 569 3597 627 3636; x_wconf 89' lang='lat' dir='ltr'>nou</span> <span class='ocrx_word' id='word_1_366' title='bbox 640 3576 863 3654; x_wconf 83' lang='lat' dir='ltr'>negligebantur.</span> <span class='ocrx_word' id='word_1_367' title='bbox 904 3581 1003 3658; x_wconf 89' lang='lat' dir='ltr'>Itaque</span> <span class='ocrx_word' id='word_1_368' title='bbox 1017 3585 1094 3640; x_wconf 89' lang='lat' dir='ltr'>hunc</span> 
     </span>
    </p>
   </div>
   <div class='ocr_carea' id='block_1_3' title="bbox 130 3653 1147 3742">
    <p class='ocr_par' dir='ltr' id='par_1_6' title="bbox 130 3653 1147 3748">
     <span class='ocr_line' id='line_1_44' title="bbox 130 3653 1147 3742; baseline -0.009 -19"><span class='ocrx_word' id='word_1_369' title='bbox 130 3675 160 3724; x_wconf 88' lang='lat' dir='ltr'>et</span> <span class='ocrx_word' id='word_1_370' title='bbox 173 3661 339 3732; x_wconf 82' lang='lat' dir='ltr'>Tarentini,</span> <span class='ocrx_word' id='word_1_371' title='bbox 353 3672 381 3718; x_wconf 88' lang='lat' dir='ltr'>et</span> <span class='ocrx_word' id='word_1_372' title='bbox 394 3659 535 3735; x_wconf 83' lang='lat' dir='ltr'>Rhegini,</span> <span class='ocrx_word' id='word_1_373' title='bbox 549 3667 578 3714; x_wconf 92' lang='lat' dir='ltr'>et</span> <span class='ocrx_word' id='word_1_374' title='bbox 590 3653 781 3730; x_wconf 88' lang='lat' dir='ltr'>Neapolitani,</span> <span class='ocrx_word' id='word_1_375' title='bbox 801 3659 915 3726; x_wconf 77' lang='lat' dir='ltr'>civitate</span> <span class='ocrx_word' id='word_1_376' title='bbox 928 3660 1103 3727; x_wconf 78' lang='lat' dir='ltr'>ceterisque</span> <span class='ocrx_word' id='word_1_377' title='bbox 1140 3713 1147 3742; x_wconf 31' lang='grc' dir='ltr'><strong>ἑ</strong></span> 
     </span>
    </p>
   </div>
   <div class='ocr_carea' id='block_1_4' title="bbox 0 0 1276 4212">
    <p class='ocr_par' dir='ltr' id='par_1_7' title="bbox 0 0 1276 4212">
     <span class='ocr_line' id='line_1_45' title="bbox 0 0 1276 4212; baseline 0 0"><span class='ocrx_word' id='word_1_378' title='bbox 0 0 1276 4212; x_wconf 95' lang='lat' dir='ltr'> </span> 
     </span>
    </p>
   </div>
  </div>
 </body>
</html>
