2516 4204
128 351 186 410 116
370 345 505 396 onnrlo
522 345 592 396 PRO
608 345 640 396 Τ.
656 343 770 395 ANNIO
785 341 935 395 MILONE.

176 487 322 546 dorninum
343 488 379 544 de
403 507 483 546 servo
502 488 590 562 queri
611 488 778 555 noluerunt3
799 505 856 544 non
876 485 945 559 quia
965 503 1023 542 non
1042 501 1135 560 posset

175 583 272 621 rarum
286 565 417 635 inveniri,
429 566 478 622 sed
488 566 554 640 quia
568 565 714 622 videbatur
728 565 877 639 indignum
888 581 962 633 esse,
973 572 1002 618 et
1015 562 1133 620 dorninis

175 652 264 698 morta
285 642 346 717 ipsd
366 643 485 699 tristius.
526 641 562 698 In
586 661 667 699 reum
694 642 730 698 de
757 641 844 698 servis
870 641 1043 696 accusatoris
1068 636 1136 697 cium

175 719 320 793 queritur,
334 737 432 777 rerum
446 719 565 776 inveniri
577 721 688 794 potestl

142 805 161 857 5
217 796 282 871 Age
293 794 369 866 verb,
380 815 443 870 quae
454 807 522 867 erat,
534 809 583 853 aut
592 797 682 870 qualis
692 797 829 870 questiol
869 795 950 852 Heus
959 805 1001 864 tu,
1012 793 1135 867 Roscio,

129 907 135 918 κ
174 869 270 1004 ffirbi
291 873 393 946 causa)
421 890 491 928 cave
518 874 556 928 sis
584 874 737 929 mentiaris.
779 872 896 930 Clodius
923 872 1041 928 insidias
1065 871 1135 928 iecit

211 947 297 1003 'onii
337 947 426 1003 Fecit
468 948 555 1004 Certa
569 965 646 1004 crux.
688 949 791 1005 Nullas
805 949 881 1006 lecit.
922 947 1135 1023 Sperataliber·

173 1032 223 1078 tas.
263 1022 345 1084 Quid
360 1024 415 1080 hac
435 1024 589 1099 quastione
603 1025 727 1083 certiusl
768 1022 870 1082 Subitd
886 1026 988 1100 arrepti
1004 1026 1033 1082 in
1047 1045 1136 1099 quaes·

173 1100 290 1171 tionem,
304 1111 400 1159 tamen
414 1113 577 1176 separantur
591 1121 608 1158 a
621 1103 741 1174 ceteris,
753 1113 783 1159 et
796 1103 826 1159 in
841 1121 921 1159 arcas
934 1102 1134 1177 conjiciuntur,

124 1187 211 1239 lone
231 1179 381 1250 quiscum
402 1179 437 1234 iis
465 1178 585 1250 colloqui
612 1180 706 1253 possit.
749 1179 789 1235 Hi
817 1190 932 1236 centum
959 1181 1020 1236 dies
1046 1197 1135 1254 penes

173 1265 367 1310 accusatorem
388 1251 454 1310 cdm
477 1253 605 1324 fuissent,
627 1256 663 1310 ab
684 1274 719 1312 eo
739 1256 800 1329 ipso
820 1270 985 1314 accusatore
1004 1256 1135 1332 producti

172 1339 245 1385 sunt
285 1329 368 1463 Quqd
387 1331 441 1387 hac
461 1330 614 1404 quaestione
636 1332 693 1389 dici
713 1344 806 1407 potest
825 1333 986 1409 integrius?
1005 1333 1072 1408 quid
1094 1333 1137 1389 in·

172 1423 254 1462 oorru
287 1425 331 1462 rus

211 1418 330 1540 Xlllll.
369 1481 460 1546 and
470 1485 493 1541 si
504 1485 633 1541 nondum
644 1485 713 1542 satis
724 1487 850 1558 cernitis,
866 1485 946 1562 (edm
959 1505 1005 1543 res
1020 1487 1080 1562 ipsa
1092 1493 1136 1541 tot

125 1561 159 1613 15
174 1571 231 1617 tam
252 1562 336 1618 claris
358 1562 530 1638 argumentis
550 1561 696 1637 signisque
716 1563 822 1640 luceat)
844 1565 914 1638 pura
935 1573 1030 1618 mente
1051 1573 1137 1636 atque

173 1637 285 1710 integra
300 1639 448 1708 Milonem,
463 1639 543 1695 nullo
558 1639 666 1695 scelere
686 1640 833 1708 imbutum,
848 1639 925 1694 nullo
938 1649 1015 1692 metu
1029 1649 1139 1710 perter-

172 1713 268 1782 ritum,
289 1715 368 1770 nullia
389 1715 567 1771 conscientia
595 1715 793 1783 exanimatum,
814 1713 936 1768 Romam
964 1713 1137 1782 revertisse;

172 1790 361 1847 recordamini
376 1789 439 1866 (por
454 1790 531 1848 Deos
550 1789 748 1866 immortalesli
770 1807 831 1864 quae
846 1788 930 1844 fuerit
943 1787 1074 1844 celeritas
1090 1807 1139 1845 re·

173 1866 250 1923 ditus
258 1868 335 1942 ejus;
350 1869 398 1942 qui
409 1869 553 1944 ingressus
564 1869 593 1925 in
605 1867 706 1938 forum,
716 1867 831 1924 ardente
841 1866 937 1934 curii3
950 1883 1013 1938 quae
1025 1867 1137 1942 magni·

122 1944 158 1997 20
173 1945 241 2000 tudo
261 1946 359 2016 animi,
380 1947 427 2018 qui
442 1947 544 2017 vultus,
565 1964 628 2018 quae
641 1947 739 2002 oratio.
780 1943 881 2018 Neque
902 1939 967 1999 verb
988 1959 1018 1999 se
1031 1943 1135 2017 populo

172 2017 272 2088 soldm,
294 2022 447 2076 sedetiam
467 2023 589 2091 senatui,
611 2021 770 2088 commisit;
791 2039 883 2095 neque
904 2019 1016 2076 senatui
1037 2016 1132 2091 mcdd,

103 2165 106 2170 Ι
171 2095 221 2150 sed
244 2095 330 2151 etiam
353 2096 477 2172 publicis
499 2098 639 2171 praesidiis
662 2108 691 2153 et
711 2097 813 2165 armis;
833 2115 926 2170 neque
948 2097 992 2153 his
1012 2095 1130 2168 tantdm,

171 2167 271 2230 verium
286 2174 372 2230 etiarn
385 2175 446 2251 ejus
466 2176 608 2250 potestati,
621 2175 668 2231 cui
685 2185 800 2231 senatus
812 2184 898 2231 totam
919 2175 1132 2249 rempublicam,

172 2271 286 2309 omnem
300 2251 389 2309 Italiae
410 2253 524 2327 pubem,
538 2263 643 2309 cuncta
661 2253 758 2327 populi
772 2252 898 2310 Romani
913 2269 1000 2323 arma,
1018 2251 1132 2308 commi·

121 2330 157 2384 25
172 2341 261 2384 serat:
282 2330 329 2384 cui
349 2346 496 2401 nunquam
511 2345 542 2382 se
561 2331 608 2384 hic
622 2327 750 2400 prolectd
771 2329 941 2399 tradidisset,
962 2329 1018 2386 nisi
1039 2345 1131 2385 causas

171 2422 229 2459 sure
243 2403 397 2458 confideret
405 2423 412 2470 ;
434 2405 587 2476 praesertim
597 2403 693 2456 omnia
708 2405 844 2472 audienti,
866 2423 970 2476 magna
983 2405 1131 2475 metuenti,

169 2479 258 2536 multa
271 2479 435 2554 suspicanti,
456 2477 592 2534 nonnulla
605 2477 744 2533 credenti.
786 2476 894 2552 Magna
908 2479 949 2534 ris
964 2489 1007 2534 est
1021 2482 1130 2538 consci-

170 2557 265 2630 entie,
282 2557 404 2634 judices,
426 2568 455 2616 et
473 2575 579 2633 magna
602 2555 632 2613 in
674 2565 821 2629 utramque
840 2565 965 2630 partem3
986 2566 1018 2612 ut
1038 2575 1133 2633 neque

170 2635 298 2710 timeant,
312 2638 359 2712 qui
373 2637 444 2696 nihil
460 2635 672 2705 commiserint3
693 2644 723 2692 et
734 2651 849 2710 poenam
862 2652 972 2710 semper
987 2645 1052 2691 ante
1065 2653 1134 2690 ocu·

120 2719 157 2773 30
170 2716 211 2773 los
226 2717 328 2776 versari
342 2729 451 2793 putent,
465 2717 513 2791 qui
526 2711 682 2792 peccarint.

209 2794 311 2866 Neque
334 2793 401 2848 verb
423 2796 485 2848 aine
512 2796 621 2848 ratione
642 2792 720 2846 certd
741 2810 828 2846 causa
847 2789 965 2848 Milonis
985 2806 1092 2864 semper
1113 2806 1132 2844 a

170 2880 270 2922 senatu
291 2867 405 2937 probata
426 2877 476 2919 est.
518 2867 662 2919 Videbunt
682 2866 760 2919 enirn
781 2867 981 2937 sapientissimi
1003 2865 1132 2924 homines

170 2940 235 2996 facti
256 2940 404 3009 rationem,
425 2939 604 3012 praesentiam
625 2939 723 3008 animi,
738 2939 912 2995 defensionis
932 2945 1129 3014 constantiam.

169 3016 218 3072 An
232 3012 297 3073 verb
314 3015 394 3074 obliti
408 3016 485 3086 estis,
497 3014 620 3090 judices,
634 3015 741 3071 recenti
755 3014 803 3072 illo
818 3017 918 3072 nuntio
938 3021 1019 3074 necis
1034 3021 1133 3077 Clodi·

119 3099 155 3153 35
170 3112 242 3167 anae,
256 3114 313 3152 non
328 3091 412 3150 modd
434 3093 613 3150 inimicorum
634 3092 752 3149 Milonis
766 3111 909 3148 sermones
929 3105 957 3149 et
969 3096 1133 3169 opiniones,

170 3173 219 3230 sed
234 3169 430 3229 nonnullorum
452 3171 537 3224 etiam
558 3170 773 3244 imperitorum?
812 3167 963 3242 Negabant
983 3187 1048 3224 eum
1070 3172 1134 3231 Ro-

169 3265 244 3304 mam
258 3264 319 3301 esse
330 3244 494 3300 rediturum.
536 3245 602 3300 Sive
616 3246 694 3300 enim
704 3244 774 3300 illud
788 3244 882 3302 animo
894 3246 963 3303 irato
973 3264 1007 3304 ac
1020 3250 1132 3322 percito

170 3323 291 3396 fecisset,
303 3336 333 3382 ut
343 3324 477 3381 incensus
486 3321 553 3380 odio
563 3322 717 3379 trucidaret
727 3321 874 3380 inimicum
885 3344 891 3393 ;
913 3325 1128 3394 arbitrabantur,

170 3421 235 3459 eum
249 3405 319 3462 tanti
341 3415 459 3461 mortem
475 3401 506 3459 P.
521 3399 616 3458 Clodii
636 3400 762 3476 putuisse,
776 3412 807 3460 ut
827 3420 909 3477 equo
930 3404 1025 3460 animo
1037 3404 1129 3479 patria

122 3491 157 3544 40
171 3493 290 3552 careret,
304 3480 371 3540 crim
385 3483 524 3558 sanguine
545 3479 655 3537 inimici
676 3478 817 3556 explesset
836 3481 931 3537 odium
951 3501 1050 3537 suum:
1070 3482 1129 3538 sire

172 3559 258 3618 etiam
269 3560 344 3616 illius
354 3573 443 3617 morte
454 3561 572 3636 patriam
585 3559 704 3616 liberare
714 3559 856 3627 voluisset,
867 3577 923 3614 non
938 3559 1130 3616 dubitaturum

173 3637 274 3694 fortem
288 3637 389 3704 virum,
403 3638 482 3708 quin,
497 3636 563 3694 crim
578 3656 630 3694 suo
680 3637 770 3694 riculo
783 3635 901 3691 salutem
914 3636 1074 3710 reipublice
1088 3643 1132 3690 at-

172 3715 291 3782 tulisset,
307 3711 421 3767 cederet
434 3729 514 3782 oequo
535 3714 631 3770 animo
643 3656 800 3788 illegibus];
821 3728 919 3768 secum
940 3714 1060 3768 auferret
1072 3711 1131 3786 glo-

173 3792 246 3848 riam
265 3787 473 3864 sempiternam,
486 3787 568 3844 nobis
588 3787 650 3847 haec
662 3787 781 3845 fruenda
800 3785 979 3862 relinqueret,
993 3805 1054 3862 que
1068 3788 1131 3863 ipsa
