2542 4212
355 255 480 304 ORATIO
495 257 561 305 Pno
579 255 665 306 Lana
681 258 844 310 MANtata
1091 269 1130 328 51

123 397 219 456 Testis
232 407 276 454 est
292 396 395 468 Gallia,
409 415 559 472 perquam
573 399 731 474 legionibus
751 401 854 458 nostris
868 401 898 458 in
913 403 1083 478 Hispaniam

123 478 183 546 iter,
194 475 340 531 Gallorum
351 473 558 545 internecione,
572 477 743 551 patefactum
754 490 805 534 est
851 477 949 536 Testis
960 493 1005 538 est
1015 481 1083 538 His·

121 554 216 630 pania,
225 571 286 626 qua
294 551 447 626 sepissime
458 550 595 625 plurimos
604 553 698 610 hostes
705 553 743 608 ab
751 555 805 610 hoc
813 567 957 630 superatos
965 569 1083 632 prostra-

122 643 218 704 tosque
242 629 396 703 conspexit.
437 627 536 684 Testis
550 639 593 686 est
607 630 709 686 iterum
723 641 752 687 et
772 631 875 705 sepius
896 631 987 704 Italia,
1008 653 1082 708 qum,

37 773 41 779 ¹
123 727 186 764 cum
200 707 293 763 servili
305 706 377 762 bello
387 716 459 762 tetro
472 705 686 780 periculosoque
697 721 880 780 premeretur,
896 710 932 764 ab
945 711 999 767 hoc
1007 711 1084 768 auxi·
1114 714 1133 766 ⁵

122 785 188 841 lium
210 786 328 840 absente
350 781 482 856 expetivit
498 802 504 850 ;
526 784 603 858 quod
616 785 720 840 bellum
735 785 943 858 exspectatione
956 785 1083 862 Pompeii

123 874 297 918 attenuatum
311 871 393 934 atque
407 859 585 916 imminutum
597 871 649 930 est,
661 861 783 916 adventu
794 861 934 918 sublatum
945 882 980 920 ac
993 863 1084 938 sepul·

124 950 193 995 tum.
233 937 338 992 Testes
352 933 415 992 verb
426 937 484 1010 jam
497 957 597 994 omnes
609 957 675 1006 orae,
690 949 773 1011 atque
784 957 884 995 omnes
897 951 1000 996 exterae
1015 959 1083 1016 gen·

125 1026 167 1073 tes
180 1035 214 1072 ac
228 1015 364 1085 nationes,
379 1013 501 1087 denique
515 1015 604 1070 maria
616 1015 723 1084 omnia,
737 1027 797 1071 tum
811 1017 952 1087 universa,
966 1028 1026 1072 tum
1051 1017 1082 1076 in

125 1092 241 1168 singulis
254 1089 336 1168 [oris]
348 1110 448 1148 omnes
459 1091 538 1148 sinus
546 1102 628 1164 atque
634 1103 740 1166 portus.
772 1091 848 1152 Quis
858 1093 935 1150 enim
946 1103 1004 1150 toto
1014 1094 1083 1150 mari
1100 1097 1135 1150 10

123 1171 198 1227 locus
207 1190 257 1244 per
269 1171 320 1226 hos
331 1187 420 1226 annos
431 1179 479 1224 aut
489 1179 546 1226 tarn
557 1168 669 1224 firmum
679 1168 777 1224 habuit
783 1170 957 1242 praesidium,
966 1181 996 1228 ut
1007 1181 1083 1228 tutus

122 1259 202 1318 esset,
214 1259 264 1303 aut
274 1257 333 1303 tam
344 1247 395 1302 fuit
406 1246 527 1316 abditus,
539 1257 570 1302 ut
580 1245 698 1302 lateretl
717 1245 795 1306 Quis
806 1247 957 1322 navigavit,
967 1248 1014 1322 qut
1025 1266 1082 1306 nou

123 1345 151 1381 se
171 1336 219 1381 aut
239 1325 339 1382 mortis
360 1335 407 1380 aut
427 1324 568 1380 servitutis
588 1321 716 1398 periculo
737 1323 934 1394 committeret,
947 1343 1014 1382 oum
1035 1335 1084 1382 aut

122 1403 222 1472 hieme,
237 1413 287 1458 aut
299 1401 402 1457 referto
414 1401 577 1474 praedonum
592 1400 673 1470 mari,
687 1399 852 1474 navigaretl
893 1400 959 1458 Hoc
973 1412 1082 1458 tantum

122 1479 237 1548 bellum,
248 1489 307 1534 tam
320 1487 411 1550 turpe,
425 1489 482 1532 tarn
497 1487 588 1546 vetus,
602 1489 659 1534 tam
673 1473 730 1532 late
746 1475 867 1532 divisum
881 1488 964 1549 atque
978 1479 1084 1552 disper·
1100 1479 1134 1534 1³

121 1575 196 1625 sum,
207 1555 271 1628 quis
285 1572 410 1626 unquam
421 1554 599 1610 arbitraretur
612 1565 662 1609 aut
675 1554 711 1610 ab
724 1553 857 1610 omnibus
868 1554 1084 1628 imperatoribus

121 1649 180 1689 uno
194 1651 281 1702 anuo,
293 1641 340 1687 aut
352 1631 484 1688 omnibus
498 1631 580 1686 annis
595 1631 631 1687 ab
644 1649 702 1686 uno
716 1631 893 1704 imperatore,
904 1631 1006 1688 confici
1019 1650 1083 1706 pos·

120 1713 171 1766 set
210 1708 308 1769 Quam
329 1707 503 1784 provinciam
524 1709 656 1764 tenuistis
670 1727 687 1764 a
700 1707 881 1782 predonibus
893 1708 1010 1764 liberam
1033 1727 1082 1783 per

120 1787 208 1841 hosce
231 1787 339 1841 annosl
361 1787 435 1858 quod
449 1785 569 1858 vectigal
584 1786 664 1840 vobis
677 1797 767 1842 tutum
783 1785 855 1841 suitl
876 1803 959 1858 quem
974 1785 1083 1842 socium

121 1861 291 1917 defendistis
302 1862 313 1916 i
334 1861 382 1916 cui
392 1861 522 1934 praesidio
531 1861 667 1916 classibus
678 1863 774 1918 vestris
786 1861 898 1920 suistint
917 1858 1002 1935 quam
1013 1859 1085 1916 mul·
1099 1859 1135 1914 m

120 1949 164 1994 tas
175 1938 343 1994 existimatis
367 1938 473 1994 insulas
486 1957 548 1994 esse
562 1937 703 1994 desertas!
725 1937 810 2012 quim
826 1938 928 1995 multas
942 1949 991 1995 aut
1005 1948 1082 1994 metu

120 2016 242 2088 relictas,
257 2026 306 2072 aut
319 2034 336 2072 a
348 2015 530 2089 praedonibus
544 2027 651 2090 captae,
666 2017 751 2072 urbes
764 2036 826 2074 esse
841 2017 998 2074 sociorum!

159 2091 228 2147 XII.
272 2093 329 2148 Sed
343 2093 410 2165 quid
433 2111 488 2165 ego
509 2091 667 2166 longinqua
688 2095 899 2150 commemorol
940 2093 1008 2148 Fuit
1029 2093 1083 2150 hoc

120 2171 272 2242 quondam,
284 2169 337 2222 luit
347 2169 490 2240 proprium
501 2169 598 2242 populi
613 2167 738 2222 Romani
749 2165 834 2242 longe
846 2187 863 2224 a
873 2169 957 2224 domo
970 2169 1083 2238 bellare,

119 2255 158 2314 et,
171 2244 391 2317 propugnaculis
407 2243 527 2316 imperii,
542 2243 683 2298 sociorum
706 2243 841 2314 fortunas,
855 2263 912 2300 nou
926 2263 979 2300 sua
999 2255 1083 2316 tecta,
1098 2250 1134 2304 25

118 2319 282 2376 defendere.
324 2319 416 2376 Sociis
429 2338 482 2393 ego
497 2319 596 2375 vestris
610 2338 686 2376 mare
697 2319 826 2376 clausurn
836 2339 885 2395 per
897 2322 983 2378 hosce
994 2340 1084 2380 annos

31 2432 36 2444 x
117 2398 214 2454 dicam
231 2397 326 2467 fuisse,
337 2393 554 2454 crimenercitus
565 2399 653 2454 nostri
664 2417 682 2452 a
694 2396 849 2456 Brundisio
863 2417 1016 2472 nunquam,
1028 2400 1083 2456 nisi

117 2475 230 2530 summa
245 2475 348 2544 hieme,
359 2474 585 2530 transmiserintl
618 2473 680 2536 Qut
695 2475 731 2530 nd
743 2493 790 2530 vos
805 2475 841 2530 ab
852 2477 955 2532 exteris
965 2477 1084 2534 nationi·

117 2551 174 2606 bus
189 2551 327 2618 venirent,
341 2562 437 2624 captos
460 2570 572 2622 querar,
586 2548 652 2606 crim
673 2551 757 2624 legati
778 2553 874 2626 populi
897 2552 1021 2610 Romam
1044 2572 1085 2610 re-

117 2626 229 2700 dempti
244 2625 321 2680 sintl
361 2625 569 2680 Mercatoribus
581 2636 672 2682 tutum
694 2647 770 2684 mare
790 2648 848 2686 non
872 2629 958 2684 luisse
979 2629 1083 2698 dicam,
1099 2635 1135 2688 30

116 2701 187 2760 otim
200 2701 354 2760 duodecim
368 2719 482 2756 secures
493 2701 523 2756 iu
534 2701 697 2776 praedonum
707 2715 871 2778 potestatem
886 2705 1084 2779 pervenerintl

116 2781 259 2848 Cnidum,
275 2789 323 2834 aut
335 2777 537 2852 Colophonem,
560 2789 608 2835 aut
628 2779 755 2852 Samum,
779 2782 969 2839 nobilissimas
988 2781 1083 2852 urbae,

116 2856 397 2929 innumerabilesque
411 2854 490 2927 alias,
505 2867 603 2931 captas
616 2877 678 2914 esse
693 2877 922 2930 commemorem,
938 2859 1003 2916 crim
1025 2878 1085 2916 ves·

114 2945 174 2992 tros
187 2945 293 3009 portus,
309 2945 391 3006 atque
403 2953 453 2990 eos
466 2945 561 3007 portus
575 2935 677 3007 quibus
688 2936 774 2992 vitam
788 2946 817 2992 et
827 2935 954 3028 spiritum
969 2937 1084 3008 ducitis,

115 3011 146 3068 in
157 3014 324 3087 praedonum
336 3011 422 3066 luisse
432 3021 568 3084 potestate
580 3012 695 3068 sciatisi
727 3012 775 3067 An
791 3030 858 3066 vero
870 3011 1016 3084 ignoratio,
1024 3031 1086 3083 por·
1100 3019 1135 3072 35

114 3099 175 3145 tum
188 3083 298 3146 Caietss'e
310 3087 527 3144 celeberrimum
540 3100 621 3162 atque
631 3089 829 3163 plenissimum
838 3087 962 3156 navium,
975 3087 1086 3160 inspec-

112 3176 194 3236 tante
203 3177 333 3240 praetore,
345 3185 361 3221 a
371 3165 552 3239 praedonibus
562 3185 624 3222 esse
633 3167 789 3240 direptum;
811 3184 847 3220 ex
858 3161 971 3220 Miseno
980 3175 1084 3234 autem,

113 3242 183 3314 ejus
193 3243 281 3314 ipsius
291 3243 405 3312 liberos,
416 3243 464 3316 qui
476 3262 542 3298 cum
555 3243 736 3316 predonibus
751 3251 834 3298 antea
849 3242 888 3296 ibi
904 3241 1008 3296 bellum
1023 3259 1086 3315 ges·

113 3327 207 3386 serat,
222 3336 239 3371 a
251 3319 431 3390 praedonibus
445 3339 508 3376 esse
523 3320 667 3376 sublatosl
708 3315 784 3374 Nam
798 3317 867 3389 quid
884 3334 937 3388 ego
951 3315 1085 3372 Ostiense

111 3393 345 3464 incommodum,
372 3391 452 3468 atque
482 3397 560 3454 illam
586 3396 679 3452 labem
707 3405 790 3466 atque
818 3392 1004 3465 ignominiam
1031 3395 1085 3450 rei·
1100 3411 1136 3464 40

110 3471 253 3546 publicae,
274 3471 388 3544 querar;
419 3469 494 3543 otim,
517 3470 604 3547 prope
627 3468 852 3544 inspectantibus
872 3469 960 3541 vobis,
986 3469 1086 3528 classis

110 3568 158 3622 ea,
171 3549 221 3606 cui
237 3548 337 3606 consul
352 3549 447 3624 populi
461 3549 587 3608 Romani
599 3546 764 3622 prepositus
778 3556 861 3616 esset,
876 3546 1087 3620 apraedonibus

110 3639 198 3702 capta
220 3639 307 3700 atque
329 3646 460 3702 oppressa
474 3629 536 3684 estl
577 3625 642 3692 Pro,
657 3621 706 3677 Dii
728 3621 914 3681 immortales!
941 3633 1088 3680 tantamne

111 3706 203 3764 unius
229 3704 355 3762 hominis
374 3704 552 3762 incredibilis
576 3719 610 3756 ac
630 3699 727 3758 divina
740 3701 826 3757 virtus
847 3711 906 3756 tam
919 3697 996 3752 breti
1018 3703 1089 3746 tenr-
