2542 4212
328 335 465 388 onhrlo
482 335 551 387 PRO
567 337 666 389 REGE
684 339 876 391 DEIOTARO.

153 479 196 537 At
217 478 295 535 misit
308 478 343 536 ad
357 479 520 551 Caecilium,
534 482 631 538 nescio
644 499 742 556 quem:
763 484 814 540 sed
827 501 885 555 ecs,
905 501 974 559 quos
987 484 1074 558 misit,
1135 509 1138 514 ·

113 555 194 630 qudd
209 557 251 612 ire
265 557 426 628 noluerunt,
448 559 478 613 in
492 559 605 615 vincula
619 559 748 634 conjecit
789 559 856 617 Non
870 579 974 636 quero,
988 559 1074 637 quim

115 633 269 690 verisimile
291 635 337 704 sit,
350 645 399 690 aut
421 653 479 691 non
501 635 634 692 habuisse
652 655 758 711 regem,
778 655 848 712 quos
867 639 1004 708 mitteret;
1026 649 1074 696 aut

114 729 175 780 eos,
196 729 268 783 quos
286 712 419 781 misisset,
441 729 498 767 non
518 713 665 786 peruisse3
687 723 745 783 aut,
764 714 812 788 qui
832 714 908 770 dicto
928 715 1074 772 audientes

115 789 144 844 in
165 788 244 844 tanti
266 806 297 844 re
317 805 376 845 non
397 787 525 857 fuissent,
546 807 596 845 eos
615 790 724 846 vinctos
743 787 838 865 potiris
858 789 943 864 quim
959 802 1073 850 necatos
1106 803 1124 854 t

116 865 210 920 luisse.
251 863 312 920 Sed
324 875 420 921 tamen
441 861 508 921 crim
522 866 558 922 sd
578 865 727 922 Cecilium
748 867 885 938 mittebat,
899 865 994 924 utrdm
1009 887 1074 925 cau·

115 960 178 996 sam
197 941 276 996 illam
293 942 396 997 victam
414 961 476 998 esse
490 943 646 1013 nesciebat,
665 961 703 999 an
724 942 872 1000 Caeoilium
893 944 977 1002 istum
997 961 1073 1022 mag·
1137 979 1141 994 ·

117 1035 188 1074 num
210 1018 352 1074 hominem
372 1019 505 1093 putabutl
525 1037 608 1093 quem
629 1017 754 1112 prosectd
769 1019 803 1090 is,
822 1021 871 1094 qui
884 1017 989 1096 optime
1010 1040 1074 1078 nos·
1130 1011 1140 1080 ⁸.

118 1107 177 1151 tros
197 1094 325 1152 homines
345 1097 432 1166 novit,
458 1096 502 1152 vel
522 1097 588 1170 quia
608 1108 715 1168 nosset,
736 1097 779 1153 vel
799 1098 866 1171 quia
886 1116 945 1155 non
966 1095 1073 1170 nisset,

115 1183 319 1229 contemneret.
369 1173 490 1230 Addidit
515 1175 601 1232 etiem
629 1173 709 1242 illud,
735 1173 843 1248 equites
869 1192 927 1232 non
954 1173 1073 1249 optimos
1090 1187 1123 1240 ιο

116 1249 242 1308 misisse:
263 1261 382 1322 veteres,
406 1250 502 1320 credo,
521 1249 634 1320 Caesen
659 1250 730 1306 nihil
752 1251 787 1306 ed
800 1261 880 1306 tuum
899 1250 1072 1325 equitatum:

114 1327 163 1382 sed
179 1326 257 1384 misit
270 1347 305 1384 ex
322 1329 365 1398 iis,
376 1346 446 1402 quos
457 1327 565 1398 habuit,
576 1327 689 1384 electos.
731 1328 782 1383 Ait
792 1327 984 1402 nescioquem
994 1345 1073 1386 exeo

116 1423 233 1462 numero
244 1423 356 1462 servum
364 1405 531 1479 judicatum.
564 1403 634 1461 Non
645 1404 778 1460 arbitror:
793 1423 849 1461 nou
861 1405 969 1462 audivi:
984 1406 1072 1462 sedin

114 1500 161 1551 eo,
172 1483 259 1538 etiam
273 1482 298 1537 si
312 1482 474 1552 accidisset,
485 1481 597 1556 culpam
609 1481 684 1557 regis
694 1481 799 1537 nullam
815 1481 901 1538 suisse
916 1481 1072 1538 arbitrarer.

156 1558 211 1614 IX.
237 1559 343 1614 Alieno
363 1569 457 1615 autem
472 1577 489 1614 a
502 1569 531 1615 te
552 1559 646 1616 animo
659 1559 721 1615 mit.
761 1557 934 1618 Quomodo?
974 1559 1122 1634 Spera-15

115 1636 165 1706 vit,
181 1634 296 1712 (credo)
312 1635 441 1693 difficiles
454 1635 506 1692 tibi
517 1635 697 1692 Alexandriae
719 1635 778 1693 sore
792 1635 893 1706 exitus,
907 1646 1018 1711 propter
1032 1653 1071 1694 re·

113 1713 209 1788 gionis
230 1724 360 1770 naturam
380 1724 409 1770 et
429 1711 562 1770 fluminis.
603 1714 644 1770 At
663 1731 698 1770 eo
711 1713 772 1788 ipso
785 1723 909 1788 tempore
922 1712 1073 1789 pecuniam

114 1792 195 1846 dedit
207 1811 214 1858 ;
235 1791 393 1848 exercitum
407 1791 495 1847 aluit:
516 1791 554 1862 ei,
568 1809 652 1864 quem
664 1791 743 1847 Asiae
756 1790 932 1865 praefeceras,
950 1790 1028 1846 nulli
1042 1791 1072 1846 in

114 1886 146 1924 re
160 1867 267 1923 defuit:
288 1867 340 1922 tibi
354 1867 462 1937 victori,
476 1885 536 1923 non
549 1865 640 1923 solium
660 1867 696 1924 ud
714 1867 875 1942 hospitium,
888 1867 938 1922 sed
953 1867 988 1922 sd
1002 1866 1074 1941 peri·

112 1931 213 2002 culuih
227 1943 324 2012 etiam,
338 1953 421 2016 atque
436 1943 472 1998 ad
486 1943 587 2013 aciem,
602 1941 701 2018 prestb
717 1945 776 2001 fuit.
812 1945 948 2001 Secutum
958 1953 1003 2000 est
1016 1941 1073 2000 bel·
1086 1959 1123 2013 20

112 2023 171 2078 lum
193 2021 372 2078 Africanum.
413 2020 520 2077 Graves
540 2021 576 2077 de
596 2031 624 2076 te
644 2039 770 2079 minores
789 2021 879 2097 sparsi
890 2039 898 2090 3
918 2020 966 2096 qui
987 2019 1073 2080 etiam

113 2100 250 2157 furiosum
271 2098 350 2154 illurn
375 2097 525 2154 Caecilium
546 2098 747 2156 excitaverunt
787 2099 857 2160 Quo
876 2109 936 2155 tum
955 2115 1024 2173 erga
1043 2109 1072 2155 te

112 2197 161 2234 res
182 2177 278 2234 animo
292 2176 364 2232 tuitl
384 2176 433 2250 qui
447 2175 627 2244 auctionatus
648 2177 693 2246 sit,
708 2195 826 2250 seseque
840 2175 996 2250 exspoliare
1016 2193 1073 2231 ma·

112 2255 206 2325 luerit,
220 2249 306 2328 quim
319 2253 371 2310 tibi
385 2252 539 2327 pecuniam
552 2269 611 2308 non
624 2253 829 2310 subministare.
864 2253 904 2313 At
917 2270 960 2322 eo,
972 2250 1072 2324 inquit,

113 2343 238 2406 tempore
258 2331 319 2406 ipsc
340 2329 472 2386 Nicaeam
492 2327 694 2403 Ephesumque
714 2329 852 2401 mittebat,
874 2328 922 2403 qui
946 2345 1072 2384 rumores
1086 2341 1122 2395 25

113 2409 267 2468 Africanos
287 2408 463 2482 exciperent,
485 2415 514 2462 et
534 2405 665 2462 celeriter
686 2406 721 2461 ad
739 2425 770 2464 se
790 2407 934 2464 referrem.
975 2403 1073 2479 Itaque

112 2484 181 2544 crim
196 2497 271 2542 esset
283 2486 311 2542 ei
325 2485 505 2556 nunciatum,
520 2482 680 2540 Domitium
701 2483 847 2559 naufragio
859 2483 987 2558 periisse,
1000 2492 1028 2538 te
1042 2481 1072 2538 in

111 2563 229 2619 castello
255 2562 468 2630 circumsideri3
504 2561 540 2617 de
561 2559 689 2616 Domitio
708 2560 780 2616 dixit
804 2577 915 2616 versum
941 2559 1073 2616 Graecum

110 2639 219 2696 eidem
233 2639 385 2708 sententiis,
398 2638 455 2711 qui
469 2639 555 2694 etiam
569 2655 622 2693 nos
635 2637 773 2693 habemus
787 2637 936 2694 Latinum:

271 2753 287 2779 ‘¹
296 2749 405 2798 Percent
415 2749 498 2810 amici,
509 2751 569 2800 dum
580 2750 632 2797 und
643 2749 740 2797 inimici
751 2747 901 2798 intercidant
909 2746 934 2794 :¹’
1088 2765 1124 2822 30

110 2869 188 2945 quod
203 2869 260 2940 ille,
274 2867 298 2924 si
312 2877 387 2924 esset
399 2867 451 2924 tibi
472 2865 697 2936 inimicissimus,
717 2885 861 2941 nunquam
882 2877 978 2923 tamen
992 2861 1076 2922 dixis·

110 2959 163 3004 set.
206 2946 271 3022 Ipse
292 2945 370 3002 enim
391 2956 576 3001 mansuetus:
597 2940 695 2998 versus
716 2943 857 3000 immanis.
897 2941 960 3003 Qut
980 2951 1076 3000 autem

110 3025 237 3083 Domitio
249 3031 360 3099 poterat
373 3039 437 3077 esse
458 3021 577 3089 amicus,
590 3020 638 3092 qui
652 3019 703 3076 tibi
718 3030 792 3076 esset
812 3019 965 3074 inimicust
1005 3017 1075 3073 Tibi

109 3121 192 3178 porro
206 3101 344 3158 inimicus
358 3115 410 3154 cur
425 3105 510 3165 esset,
531 3113 616 3168 uquo
629 3093 695 3152 crim
717 3096 760 3152 vel
775 3093 905 3165 interfici,
920 3092 986 3149 belli
1000 3092 1074 3166 lege,

108 3180 257 3254 potuisset,
268 3194 366 3252 regem
378 3185 408 3232 et
421 3192 463 3245 se,
472 3183 501 3229 et
514 3172 602 3228 filium
617 3191 710 3243 suum,
719 3171 889 3231 constitutos
903 3188 966 3231 esse
979 3168 1076 3228 metui·
1089 3187 1125 3242 35

108 3257 225 3312 nissetl

150 3331 237 3391 Quid
250 3332 375 3387 deindel
396 3329 512 3388 furcifer
526 3327 582 3404 qud
595 3327 794 3405 progrediturl
835 3326 895 3395 Ait,
910 3325 964 3381 hnc
977 3325 1076 3384 letitie
1142 3337 1149 3368 ι·

108 3409 282 3468 Deiotarum
302 3408 417 3478 elatum,
432 3409 497 3464 vino
510 3427 540 3464 se
560 3407 699 3473 obruisse,
714 3405 743 3460 in
763 3401 946 3474 convivioque
966 3403 1076 3460 nudum

106 3487 266 3545 saltavisse.
307 3483 384 3545 Ques
405 3503 475 3540 crux
502 3485 569 3542 huic
590 3482 709 3557 fugitivo
733 3488 826 3554 potest
851 3478 932 3566 setis·
945 3478 1076 3553 supplicii

106 3566 210 3622 afferre
222 3565 249 3620 l·
275 3562 443 3620 Deiotarum
461 3563 610 3619 saltantem
628 3557 785 3631 quisquam,
806 3566 855 3613 aut
873 3555 993 3626 ebrium,
1007 3555 1080 3612 vidit
1091 3573 1126 3628 40

107 3643 255 3718 unquaml
295 3639 406 3696 Omnes
420 3650 488 3697 sunt
508 3640 538 3696 in
553 3638 602 3694 illo
615 3651 683 3707 rege
697 3633 782 3707 regiae
799 3633 914 3691 virtutes
930 3630 1019 3707 (quod
1038 3642 1076 3701 te,

107 3719 217 3790 Caesar,
232 3720 364 3795 ignorare
382 3736 440 3774 non
455 3713 599 3789 arbitror),
614 3708 813 3784 sedprecipue
827 3709 977 3784 singularis
991 3716 1021 3761 et
1030 3706 1078 3757 ad-

30 3807 35 3816 '
106 3797 240 3855 miranda
267 3793 430 3928 frugaleitas:
451 3791 506 3849 etsi
527 3791 582 3846 hoc
601 3787 688 3843 verbo
708 3786 768 3843 scio
786 3786 895 3843 laudari
915 3798 997 3852 reges
1018 3792 1075 3830 nou

510 3971 519 3997 d
