2542 4212
144 335 184 394 86
404 332 539 382 ORATIO
555 333 624 381 PRO
640 331 737 381 REGE
754 331 947 380 DEIOTARO.

195 475 292 533 solere.
332 473 421 552 Frugi
441 474 586 533 hominem
606 475 675 546 dici,
696 493 755 532 non
775 473 896 530 multum
916 471 1003 528 habet
1014 470 1103 528 laudis
1118 471 1150 529 in

194 571 277 626 rege·
299 552 408 623 fortem,
427 553 544 628 justum,
559 570 696 623 severum,
717 569 839 626 gravem,
854 549 1079 624 magnanimum,
1097 549 1151 606 lar·

194 647 272 706 gum,
287 629 457 700 beneficum,
478 629 638 698 liberalem;
660 629 786 686 hae'sunt
798 628 884 702 regie
898 627 1014 682 laudes:
1035 626 1084 682 illa
1096 627 1151 701 pri-

110 759 114 767 .
195 716 256 764 rata
277 716 327 763 est.
368 706 406 763 Ut
425 707 508 776 volet,
522 705 639 780 quisque
660 706 800 780 accipiat:
821 723 875 779 ego
895 715 990 760 tamen
1011 704 1151 778 frugalita-

162 784 179 834 5
195 795 262 855 tem,
277 784 306 840 id
321 795 372 856 est,
386 784 552 840 modestiam
565 794 594 840 et
606 783 831 858 temperantiam,
845 781 974 838 virtutem
988 799 1050 837 esse
1065 781 1152 837 maxi·

195 879 269 916 mam
280 861 385 934 judico.
427 861 500 916 Haec
514 861 543 916 in
559 861 606 916 illo
621 871 663 916 est
676 861 712 916 ab
726 860 842 916 ineunte
857 868 947 928 aetate,
962 869 1022 915 tum
1036 877 1053 914 a
1066 876 1152 914 cunc-

194 937 224 992 ti
244 937 326 1006 Asia,
351 947 449 992 tuma
474 937 684 1010 magistratibus
710 937 866 1010 legatisque
880 999 881 1002 Ἰ
896 935 1010 1006 nostris,
1035 946 1095 991 tum
1116 935 1152 991 ab

194 1013 336 1087 equitibus
357 1013 496 1068 Romanis
516 1012 610 1086 quiin
624 1013 696 1068 Asia
718 1013 853 1087 negotiati
867 1023 944 1083 sunt,
964 1023 1110 1086 perspecta
1123 1023 1152 1069 et

196 1090 318 1164 cognita.

45 1223 48 1229 ,
147 1165 180 1218 10
235 1165 334 1224 Multis
347 1168 394 1225 ille
408 1169 523 1243 quidem
541 1168 677 1242 gradibus
691 1167 847 1224 officiorum
868 1185 936 1242 erga
948 1167 1152 1242 rempublicam

196 1255 318 1300 nostram
333 1247 368 1300 ad
390 1247 443 1301 hoc
456 1245 566 1320 regium
581 1263 684 1300 nomen
706 1245 869 1301 adscendit:
891 1245 941 1300 sed
957 1255 1053 1301 tamen
1072 1245 1154 1318 quid·

195 1321 262 1394 quid
278 1341 294 1376 a
309 1321 391 1378 bellis
404 1321 502 1396 populi
518 1321 642 1378 Romani
656 1321 783 1392 vacabat,
798 1340 864 1377 cum
879 1322 1041 1378 hominibus
1051 1320 1154 1378 nostris

196 1398 424 1470 consuetudines,
445 1399 592 1469 amicitiam,
613 1417 658 1454 res
678 1399 856 1472 rationesque
875 1398 1030 1473 jungebat;
1051 1409 1083 1455 ut
1096 1417 1155 1455 non

196 1473 286 1532 solum
299 1477 439 1532 tetrarcha
452 1477 566 1547 nobilis,
580 1477 629 1532 sed
644 1477 767 1552 optimus
778 1476 986 1552 paterfamilias,
997 1487 1026 1534 et
1036 1476 1156 1551 diligen·

147 1552 180 1605 15
197 1553 320 1610 tissimus
334 1553 457 1629 agricola
477 1565 505 1612 et
519 1554 678 1628 pecuarius,
692 1554 850 1612 haberetur.
891 1553 953 1614 Qui
977 1554 1073 1628 igitur,
1088 1554 1157 1610 ado·

196 1631 316 1702 lescens,
337 1633 464 1689 nondum
487 1632 565 1688 tanti
585 1632 675 1706 gloria
696 1632 840 1705 preditus,
860 1631 931 1686 nihil
946 1649 1074 1702 unquam
1097 1631 1156 1687 nisi

195 1707 373 1767 severissime
387 1719 416 1765 et
428 1705 591 1784 gravissime
604 1708 719 1775 fecerit;
741 1708 776 1777 is,
789 1707 823 1762 ed
835 1705 1050 1776 existimatione,
1062 1708 1160 1780 eatque

196 1795 287 1857 aetate,
301 1785 431 1844 saltavitl
1018 1810 1021 1814 ·

235 1863 273 1920 X.
297 1863 406 1922 Imitari
426 1861 529 1941 petilia,
549 1863 659 1936 Castor,
680 1863 724 1920 avi
744 1861 785 1920 tui
805 1879 898 1918 mores
918 1859 1159 1936 disciplinamque

144 1939 180 1994 20
196 1940 328 2010 debebas,
341 1941 428 2014 quam
441 1945 546 2016 optimo
566 1953 594 1999 et
607 1942 763 1998 clarissimo
777 1940 836 1997 viro
857 1937 966 2014 fugitivi
979 1956 1028 1994 ore
1041 1937 1159 1995 maledi·

196 2033 269 2072 cere.
309 2015 398 2075 Quod
419 2018 449 2072 si·
464 2019 623 2074 saltatorem
643 2036 726 2072 avum
747 2017 903 2084 habuisses,
924 2033 1018 2089 neque
1039 2033 1104 2072 eum
1117 2016 1159 2072 vi-

194 2111 267 2163 rum,
281 2092 357 2149 unde
371 2089 487 2168 pudoris
500 2093 701 2167 pudicitiaque
715 2091 843 2166 exempla
856 2102 1037 2166 peterentu13
1058 2102 1158 2150 tamen

195 2170 249 2228 hoc
263 2171 443 2228 maledictum
463 2165 581 2228 minime
596 2170 626 2226 in
641 2169 717 2226 illam
738 2179 849 2226 atatem
870 2170 1042 2227 conveniret.
1080 2169 1160 2230 Qui-

196 2249 249 2306 bus
265 2249 311 2307 ille
332 2249 433 2306 studiis
448 2249 483 2306 ab
503 2249 621 2306 ineunte
635 2258 716 2306 atate
731 2266 761 2304 se
782 2247 932 2319 imbuerat,
946 2267 1004 2305 non
1024 2247 1159 2320 saltandi,

144 2331 179 2384 25
196 2328 246 2382 sed
261 2329 333 2384 bene
346 2339 378 2384 ut
392 2327 485 2397 armis,
500 2323 606 2400 optime
620 2337 653 2382 ut
665 2325 746 2399 equis
760 2335 901 2392 uteretur;
923 2344 958 2382 ea
971 2325 1065 2382 tamaii
1075 2325 1160 2382 illum

196 2414 300 2459 cuncta
317 2403 386 2476 jam,
408 2413 489 2459 aetate
509 2402 620 2472 exacte,
641 2403 811 2456 defecerant.
853 2401 964 2473 Itaque,
989 2401 1160 2459 Deiotarum

193 2477 260 2535 ciam
274 2479 368 2554 plures
381 2480 412 2536 in
425 2497 531 2553 equum
545 2477 731 2548 sustulissent,
752 2474 830 2552 qubd
849 2477 956 2533 haerere
975 2477 1005 2532 in
1020 2497 1055 2534 eo
1068 2499 1163 2537 senex

193 2568 295 2632 posset,
309 2557 439 2614 admirari
453 2555 622 2614 solebamus.
663 2554 722 2611 Hic
736 2550 801 2611 verb
822 2553 995 2624 adolescens,
1010 2553 1060 2630 qui
1074 2572 1161 2614 meus

195 2636 224 2691 in
239 2634 342 2692 Cilicia
356 2635 446 2708 miles,
461 2635 491 2692 in
504 2634 617 2692 Graecia
631 2633 798 2704 commilito,
810 2632 872 2704 fuit,
883 2629 951 2690 ciam
963 2632 992 2688 in
1003 2631 1051 2688 illo
1062 2643 1162 2692 nostro

117 2755 120 2763 .
144 2719 179 2774 30
195 2715 320 2772 exercitu
335 2716 474 2790 equitaret
487 2733 553 2770 cum
568 2713 627 2770 suis
641 2712 759 2770 delectis
773 2711 926 2787 equitibus,
940 2729 1010 2785 quos
1020 2709 1078 2765 unit
1089 2729 1162 2768 cum

195 2811 229 2848 eo
244 2793 279 2846 ad
300 2793 465 2864 Pompeium
483 2801 561 2862 pater
574 2791 699 2858 miserat,
713 2807 783 2859 quos
803 2807 959 2844 concursus
981 2788 1072 2844 facere
1087 2787 1163 2845 sole-

195 2867 256 2920 bat!
279 2863 364 2936 quam
379 2885 409 2919 se
421 2865 545 2936 jactare!
567 2861 654 2934 quiam
669 2865 825 2917 ostentare!
846 2861 933 2932 quam
947 2864 1054 2920 nemini
1065 2865 1097 2920 in
1109 2865 1163 2923 illa

194 2938 280 2994 causti
301 2939 394 2994 studio
414 2949 443 2994 et
463 2938 617 3012 cupiditate
638 2936 812 2992 concedere!
834 2933 909 2990 Ciam
930 2934 1006 3005 verb,
1028 2942 1164 3000 exercitu

195 3015 308 3088 amisse,
322 3034 387 3091 ego,
408 3015 457 3090 qui
470 3014 551 3090 pacis
572 3023 668 3070 auctor
683 3031 794 3087 semper
815 3011 865 3082 sui,
878 3021 941 3086 post
960 3011 1164 3078 Pharsalicum

144 3102 180 3156 35
197 3104 291 3151 autem
305 3094 434 3168 proelium
449 3111 546 3150 suasor
560 3091 676 3147 fuissem
690 3108 831 3146 armorum
843 3107 902 3146 non
913 3089 1163 3168 deponendorum,

196 3173 246 3228 sed
267 3169 505 3242 abjiciendorum3
527 3170 605 3224 hunc
619 3169 654 3224 ad
675 3185 767 3224 meam
789 3166 982 3224 auctoritatem
1004 3186 1062 3225 non
1076 3175 1162 3246 potui

197 3248 347 3315 adducere,
367 3243 445 3318 qudd
465 3255 493 3302 et
514 3245 573 3319 ipse
588 3245 704 3300 ardebat
724 3245 817 3301 studio
835 3244 923 3318 ipsius
943 3244 1020 3316 belli,
1035 3258 1064 3303 et
1082 3251 1161 3324 pqtri

198 3321 428 3378 satisfaciendum
449 3341 510 3379 esse
538 3321 730 3378 arbitrabatur.
772 3321 855 3378 Felix
875 3322 928 3378 ista
954 3323 1064 3396 domus,
1090 3345 1160 3402 quae

196 3417 253 3455 non
275 3399 469 3475 impunitatem
489 3397 580 3457 solum
602 3400 704 3474 adepta
717 3399 763 3470 sit,
784 3400 934 3458 sedetiam
956 3405 1108 3460 accusandi
1121 3403 1163 3461 li·

146 3487 180 3541 4ο
196 3478 335 3534 centiam:
357 3479 535 3538 calamitosus
556 3477 717 3549 Deiotarus,
730 3478 778 3552 qui
799 3489 828 3537 et
841 3479 876 3536 ab
890 3497 925 3536 eo
944 3480 994 3553 qui
1008 3479 1038 3536 in
1052 3481 1163 3539 iisdem

196 3555 294 3611 castris
308 3554 400 3625 luerit,
415 3575 471 3614 non
486 3553 570 3613 modi>
585 3557 658 3632 apud
671 3566 709 3628 te,
723 3557 774 3617 sed
788 3557 873 3613 etiam
887 3556 982 3628 asuis,
997 3568 1162 3616 accusetur.

197 3631 256 3688 Vos
270 3631 361 3686 vestra
375 3634 501 3689 secundia
523 3634 644 3705 fortuni,
665 3633 775 3704 Castor,
795 3651 852 3692 non
865 3633 991 3709 potestis,
1012 3634 1073 3693 sine
1091 3653 1164 3711 pro·

197 3707 364 3784 pinquorum
377 3708 545 3781 calamitate,
559 3729 622 3768 esse
634 3710 782 3768 contentil
