2542 4212
334 323 472 376 ORATIO
482 323 557 374 ‹PRO
573 323 670 376 REGE
686 323 877 376 DEIOTARO.
1098 331 1136 392 Β]

126 483 185 544 tam
198 469 257 530 sibi
270 467 403 538 amicum,
417 477 626 545 cognorerunt:
647 463 767 544 clamque
791 467 865 543 apud
889 467 980 543 ipsum
1003 477 1041 528 te·
1052 468 1089 526 de

124 545 318 643 tuo-periculo
331 545 468 615 dicerent,
484 541 543 612 scre
556 545 701 618 putabant,
716 555 748 600 ut
761 545 791 602 in
805 544 965 604 exulcerato
992 545 1088 607 auimo

126 627 211 696 facile
231 624 330 680 fictum
356 622 464 678 crimen
489 621 633 678 insideret
673 620 868 682 Quamobrem
888 622 942 680 boc
962 641 1013 682 nos
1032 623 1088 698 pri·

125 701 204 762 mrim
218 712 305 772 metu,
317 699 374 756 cat
384 697 491 769 Caesar,
500 716 550 771 per
564 695 660 770 tidem,
674 708 703 756 et
716 699 913 772 constantiam,
924 700 1088 774 etplemeu·

125 782 193 839 tiam
206 777 408 848 tuam-libera,
421 793 458 832 ne
471 774 596 832 residere
609 775 640 832 in
654 785 682 830 te
697 773 783 840 ullam
801 785 920 850 partam·
934 775 1087 834 iracundiae
1107 785 1126 836 5

127 857 313 932 srrspicemur.
352 851 407 910 Per
428 853 553 910 dextram
574 862 602 907 te
615 851 698 914 istam
713 869 772 920 oro,
786 869 870 924 quam
881 851 940 928 regi
955 851 1089 910 Deiotaro

127 935 233 1008 hospes
247 930 351 1004 hospiti
370 927 513 1003 porrexisti
523 927 538 996 ;'
551 928 644 1000 istam,
659 927 787 1000 inquam,
798 927 934 999 dextram,
948 943 1005 986 non
1029 929 1086 998 lam

128 1011 161 1075 in
176 1007 257 1066 bellis
271 1007 341 1064 etin
360 1001 572 1080 prinlum-quim
585 1005 616 1060 in
636 1003 780 1078 promissis
800 1014 829 1074 ct
847 1002 904 1060 'tide
926 1003 1085 1064 firmiorem.

129 1086 179 1143 Ta
191 1086 265 1142 iliius
276 1085 390 1146 domum
403 1083 486 1153 inire,
496 1093 528 1138 tu
540 1091 621 1140 vetus
633 1080 786 1155 hospitium
798 1098 942 1150 renovare,
956 1082 1067 1138 voluisti
1079 1101 1085 1138 ι

129 1161 156 1222 ie
168 1162 230 1238 ejus
243 1161 293 1218 Dii
306 1171 424 1235 penates
431 1169 625 1233 acceperunt:
647 1168 675 1214 te
689 1157 813 1238 amicum
826 1167 855 1212 et
867 1157 1008 1236 placatrun
1031 1157 1087 1214 De-
1103 1165 1150 1224 10*

128 1239 297 1312 iotariregis
311 1254 366 1294 arse
381 1227 491 1308 lirciqub
505 1236 643 1304 videnum.
1002 1239 1006 1245 '

155 1311 349 1374 *cnm-facila
355 1314 473 1382 exorari,
485 1311 591 1381 Caesar,
602 1321 662 1366 tum
677 1309 763 1365 semel
777 1309 896 1381 exorari,
907 1309 987 1369 soles,
1028 1309 1086 1384 Ne·

127 1410 174 1450 mn
186 1409 312 1465 unquam
326 1401 354 1446 te
366 1389 487 1468 placarit
501 1388 645 1460 iuimic'us,
659 1386 707 1460 qui
721 1384 792 1442 ullas
805 1387 943 1444 resedisse
957 1388 986 1446 in
1008 1399 1036 1446 te
1050 1387 1087 1444 si·

110 1470 254 1529 ,multatis
273 1465 405 1539 reliquias
425 1465 550 1522 senserit.
589 1462 763 1536 Quanquam
786 1461 837 1518 eui
864 1475 930 1520 suut
953 1463 1086 1522 inaudite

129 1563 199 1602 curn
211 1543 345 1600 Deiotaro
358 1541 477 1615 querele
490 1541 565 1598 tuael
595 1539 748 1613 Nunquam
764 1551 795 1596 tu
810 1537 889 1594 illum
910 1540 1087 1610 accusavisti,
1103 1551 1136 1604 15

71 1644 75 1650 ’
129 1633 161 1678 ut
174 1622 293 1690 hostem,
307 1619 358 1676 sed
370 1629 402 1675 ut
414 1618 536 1676 amicum
549 1617 643 1674 officio
655 1633 755 1691 parurn
777 1615 915 1686 functum,
930 1612 1005 1690 quiid
1027 1635 1088 1693 pro·

100 1689 103 1698 ¹
127 1698 241 1773 pensior
264 1697 295 1752 in
319 1695 374 1752 Cu.
395 1695 521 1770 Pompeii
548 1681 702 1750 ainicitiam
723 1689 930 1764 fuissetqudm
950 1691 980 1750 in
1001 1703 1085 1750 tuam.

100 1819 103 1824 .
128 1775 187 1832 Cui
199 1786 295 1830 tamen
315 1772 368 1846 ipsi
382 1772 424 1832 rei
439 1772 549 1830 renum
563 1781 592 1828 te
605 1771 736 1826 daturum
751 1767 837 1825 fuisse
852 1769 976 1840 dicebas,
990 1769 1014 1826 si
1028 1780 1087 1829 tan·

129 1848 193 1908 arim
206 1849 311 1906 auxilia
323 1848 467 1920 Pompeio,
480 1847 523 1904 rel
538 1847 563 1902 si
576 1846 661 1902 etian'r
673 1844 762 1912 filium
776 1843 908 1916 misisset,
922 1845 981 1920 ipse
1004 1863 1088 1902 excu-

128 1927 240 1984 satione
256 1923 345 1982 recens
358 1943 426 1980 usus
440 1934 522 1980 esset
562 1919 694 1993 Ita,ci1m
707 1921 837 1980 maximis
848 1940 914 1978 cum
925 1921 1010 1978 rebus
1020 1919 1089 1978 libe·
1101 1919 1136 1976 W

128 2021 214 2075 rores,
227 2019 391 2079 perparvam
406 1999 537 2060 amicitie
551 1997 664 2074 culpam
678 1997 864 2074 relinquebas.

168 2081 268 2155 Itaque
281 2075 444 2140 nonsolirm
468 2078 499 2142 in
522 2095 589 2134 eum
614 2095 671 2136 nou
692 2075 923 2149 animadvertisti,
937 2077 987 2136 sed
1009 2077 1086 2136 omui

128 2170 206 2216 mma
219 2156 384 2227 liberavisti,
397 2154 537 2229 hospitem
550 2152 697 2228 agnovisti,
712 2173 809 2231 regem
824 2154 974 2229 reliquisti:
995 2173 1087 2230 neque

128 2232 208 2296 enim
221 2230 588 2314 illectiotutprooeressns,
602 2227 757 2298 sedatiore
771 2231 914 2298 conmitti.
928 2229 1022 2314 lapsus
1036 2239 1087 2300 est
1137 2251 1139 2258 ⁴

129 2313 161 2375 In
180 2335 240 2390 rex,
256 2335 341 2392 quern
361 2328 475 2376 senatus
495 2319 549 2376 hoc
569 2319 687 2378 nomine
701 2339 776 2396 sape
797 2317 1088 2380 honorificentissimis
1101 2329 1136 2386 25

122 2393 250 2454 decretis
263 2396 464 2472 appellavisset,
479 2397 583 2472 quique
597 2393 677 2456 illuni
688 2393 817 2456 ordinem
839 2398 875 2456 ab
897 2397 1087 2460 adolescentit

125 2471 323 2545 gravissimum
333 2473 598 2548 sancdssinrumque
611 2475 747 2545 duxisset,
761 2475 861 2534 iisdem
875 2475 1012 2544 rebusest
1025 2495 1087 2551 per·

126 2547 266 2617 turbatus,
279 2551 366 2611 homo
377 2551 549 2624 longinquus
563 2561 592 2606 et
604 2551 774 2625 alienigena,
787 2552 890 2629 quibus
910 2571 970 2623 uos,
985 2553 1015 2615 in
1029 2571 1086 2614 me·

127 2621 178 2683 tit
192 2624 339 2698 republica
351 2627 421 2695 nati,
434 2643 600 2700 semperque
612 2629 721 2684 versati.

166 2698 220 2761 IV.
263 2696 341 2758 Ciam
355 2701 474 2770 audiret,
486 2699 602 2758 senatirs
615 2703 815 2764 consentientis
828 2705 992 2764 auctoritate
1010 2725 1087 2764 arma
1100 2719 1135 2773 ³0

108 2785 259 2848 'sumptu
278 2775 450 2847 consulibus,
464 2777 638 2850 praetoribus,
652 2779 771 2838 tribunis
788 2781 887 2856 plebis,
900 2783 982 2841 nobis
1000 2782 1087 2856 impe·

70 2913 73 2918 ,
125 2852 276 2922 ramribuq
287 2852 490 2926 rempublicam
505 2853 712 2912 defendendam
726 2858 837 2925 datem;
851 2859 1013 2916 movebatur
1028 2860 1086 2918 snt·

124 2946 184 2998 mo,
199 2938 227 2986 et
238 2929 290 2998 sir,
304 2927 372 2986 huic
385 2929 504 3004 imperio
524 2930 773 3004 amicissimoque
795 2934 884 2990 salute
906 2937 1001 3011 populi
1026 2936 1086 2997 Ro-

123 3005 203 3064 mani
213 3005 425 3075 extimescebat,
436 3007 465 3063 irr
477 3006 535 3080 qut
548 3007 632 3066 enain
646 3027 727 3068 suam
738 3010 876 3068 inclusam
889 3013 1008 3068 videbat.
1050 3013 1085 3070 Irr

123 3097 235 3140 tmnmo
255 3092 352 3142 tamon
372 3082 482 3153 timore,
503 3083 706 3160 quiescendum
730 3085 783 3142 eibi
804 3099 868 3140 erse
893 3085 1085 3146 arbitrabatur.
1098 3097 1153 3159 35'

123 3155 253 3222 Maxime
268 3156 336 3219 verti
349 3159 529 3235 penurbatus
550 3171 603 3231 est,
615 3173 648 3222 ut
662 3161 778 3231 audivit,
792 3161 923 3218 consules
944 3181 980 3220 ex
1003 3161 1087 3238 Italici

123 3233 294 3310 profugisse,
320 3255 475 3317 omnesque
503 3237 665 3298 consulares
690 3236 746 3313 (sic
769 3237 846 3294 enim
873 3239 1086 3318 nunciabatur),

124 3318 266 3366 nunctum
292 3323 431 3384 acuatum,
445 3325 541 3372 totam
569 3313 680 3372 Italiam
707 3333 770 3370 esse
797 3313 924 3372 effusam.
966 3315 1086 3376 Talibus

124 3383 208 3441 enim
219 3386 325 3443 narniis
334 3399 365 3444 et
376 3391 536 3448 rumoribus
547 3392 662 3465 patebat
675 3391 711 3448 ad
724 3389 873 3447 Orientem
887 3391 947 3460 via;
968 3411 1023 3463 nec
1036 3396 1086 3454 ulli

124 3461 187 3518 veri
202 3461 454 3540 subsequebantur.
493 3467 575 3524 Nihil
589 3468 636 3524 ille
650 3469 686 3524 de
700 3466 913 3527 conditionibus
935 3467 1001 3540 tuis,
1015 3471 1086 3528 nibil
1101 3489 1136 3540 40

123 3539 162 3596 de
178 3537 275 3596 studio
288 3543 445 3603 concordie
459 3554 489 3601 et
502 3543 592 3618 pacis,
603 3544 674 3602 nihil
688 3545 724 3600 de
736 3541 943 3618 conspiratione
955 3547 1088 3604 audiebat

56 3675 59 3682 ,
122 3627 272 3675 certorum
287 3619 434 3678 laominur'n
448 3633 549 3680 conus
561 3620 728 3692 dignitatem
741 3631 827 3678 tuam.
867 3622 944 3684 Qun
966 3619 1034 3680 oiim
1047 3623 1087 3678 ita

120 3704 231 3764 essem,
246 3702 342 3754 tamen
355 3715 444 3772 usque
458 3694 495 3752 eb
511 3715 542 3754 se
557 3696 763 3775 tenuiq'quoad
784 3718 802 3760 a
822 3697 1034 3774 casromporo
1051 3693 1086 3746 ad
1140 3707 1144 3714 ·
1209 3694 1215 3704 “

122 3789 192 3832 eum
205 3771 293 3850 legati
306 3773 453 3854 literaeque
466 3779 613 3831 venerunt.
