<?xml version="1.0" encoding="UTF-8"?>
<!DOCTYPE html PUBLIC "-//W3C//DTD XHTML 1.0 Transitional//EN"
    "http://www.w3.org/TR/xhtml1/DTD/xhtml1-transitional.dtd">
<html xmlns="http://www.w3.org/1999/xhtml" xml:lang="en" lang="en">
 <head>
  <title>
</title>
<meta http-equiv="Content-Type" content="text/html;charset=utf-8" />
  <meta name='ocr-system' content='tesseract 3.04.00' />
  <meta name='ocr-capabilities' content='ocr_page ocr_carea ocr_par ocr_line ocrx_word'/>
</head>
<body>
  <div class='ocr_page' id='page_1' title='image "./orationesqudams00cicegoog/orationesqudams00cicegoog_0149.png"; bbox 0 0 2516 4204; ppageno 0'>
   <div class='ocr_carea' id='block_1_1' title="bbox 365 315 1131 388">
    <p class='ocr_par' dir='ltr' id='par_1_1' title="bbox 365 315 1131 388">
     <span class='ocr_line' id='line_1_1' title="bbox 365 315 1131 388; baseline -0.005 -20"><span class='ocrx_word' id='word_1_1' title='bbox 365 315 825 372; x_wconf 76' lang='lat' dir='ltr'>cernicinurrrronrorr.</span> <span class='ocrx_word' id='word_1_2' title='bbox 1075 327 1131 388; x_wconf 66' lang='lat' dir='ltr'>m</span> 
     </span>
    </p>
   </div>
   <div class='ocr_carea' id='block_1_2' title="bbox 103 457 1149 3760">
    <p class='ocr_par' dir='ltr' id='par_1_2' title="bbox 113 457 1082 762">
     <span class='ocr_line' id='line_1_2' title="bbox 113 457 1082 533; baseline 0.01 -21"><span class='ocrx_word' id='word_1_3' title='bbox 113 457 224 533; x_wconf 72' lang='lat' dir='ltr'>impuri</span> <span class='ocrx_word' id='word_1_4' title='bbox 237 457 298 526; x_wconf 84' lang='lat' dir='ltr'>lilii,</span> <span class='ocrx_word' id='word_1_5' title='bbox 314 467 448 530; x_wconf 80' lang='lat' dir='ltr'>tunqunrn</span> <span class='ocrx_word' id='word_1_6' title='bbox 463 475 578 531; x_wconf 85' lang='lat' dir='ltr'>nurum,</span> <span class='ocrx_word' id='word_1_7' title='bbox 598 459 775 533; x_wconf 80' lang='lat' dir='ltr'>sequebstur.</span> <span class='ocrx_word' id='word_1_8' title='bbox 815 459 844 518; x_wconf 92' lang='grc' dir='ltr'><strong>Ο</strong></span> <span class='ocrx_word' id='word_1_9' title='bbox 857 461 967 520; x_wconf 83' lang='lat' dir='ltr'>misere</span> <span class='ocrx_word' id='word_1_10' title='bbox 980 462 1082 522; x_wconf 81' lang='lat' dir='ltr'>mulie·</span> 
     </span>
     <span class='ocr_line' id='line_1_3' title="bbox 118 535 1081 612; baseline 0.003 -18"><span class='ocrx_word' id='word_1_11' title='bbox 118 536 158 594; x_wconf 87' lang='lat' dir='ltr'>ris</span> <span class='ocrx_word' id='word_1_12' title='bbox 172 535 384 592; x_wconf 66' lang='lat' dir='ltr'>facunditatem</span> <span class='ocrx_word' id='word_1_13' title='bbox 399 535 611 592; x_wconf 81' lang='lat' dir='ltr'>calemitossm!</span> <span class='ocrx_word' id='word_1_14' title='bbox 646 536 756 594; x_wconf 86' lang='lat' dir='ltr'>Horum</span> <span class='ocrx_word' id='word_1_15' title='bbox 771 536 940 612; x_wconf 73' lang='lat' dir='ltr'>flagitiorum</span> <span class='ocrx_word' id='word_1_16' title='bbox 952 538 1006 596; x_wconf 83' lang='lat' dir='ltr'>iste</span> <span class='ocrx_word' id='word_1_17' title='bbox 1020 557 1081 598; x_wconf 84' lang='lat' dir='ltr'>res·</span> 
     </span>
     <span class='ocr_line' id='line_1_4' title="bbox 118 611 1080 692; baseline 0.007 -24"><span class='ocrx_word' id='word_1_18' title='bbox 118 612 198 686; x_wconf 78' lang='lat' dir='ltr'>ligiis</span> <span class='ocrx_word' id='word_1_19' title='bbox 211 611 306 668; x_wconf 83' lang='lat' dir='ltr'>omniu</span> <span class='ocrx_word' id='word_1_20' title='bbox 318 611 487 686; x_wconf 80' lang='lat' dir='ltr'>municipia,</span> <span class='ocrx_word' id='word_1_21' title='bbox 501 613 693 686; x_wconf 72' lang='lat' dir='ltr'>prefectum,</span> <span class='ocrx_word' id='word_1_22' title='bbox 707 613 841 686; x_wconf 81' lang='lat' dir='ltr'>colonius,</span> <span class='ocrx_word' id='word_1_23' title='bbox 854 625 940 674; x_wconf 77' lang='lat' dir='ltr'>totum</span> <span class='ocrx_word' id='word_1_24' title='bbox 953 615 1080 692; x_wconf 70' lang='lat' dir='ltr'>datque</span> 
     </span>
     <span class='ocr_line' id='line_1_5' title="bbox 120 687 404 762; baseline 0 -18"><span class='ocrx_word' id='word_1_25' title='bbox 120 687 240 758; x_wconf 83' lang='lat' dir='ltr'>Itelienr,</span> <span class='ocrx_word' id='word_1_26' title='bbox 253 689 404 762; x_wconf 70' lang='lat' dir='ltr'>impressit.</span> 
     </span>
    </p>

    <p class='ocr_par' dir='ltr' id='par_1_3' title="bbox 112 765 1149 2054">
     <span class='ocr_line' id='line_1_6' title="bbox 157 765 1114 844; baseline 0.013 -22"><span class='ocrx_word' id='word_1_27' title='bbox 157 765 344 840; x_wconf 75' lang='lat' dir='ltr'><strong>Reliquorum</strong></span> <span class='ocrx_word' id='word_1_28' title='bbox 366 765 503 822; x_wconf 80' lang='lat' dir='ltr'>lectorum</span> <span class='ocrx_word' id='word_1_29' title='bbox 517 765 590 840; x_wconf 86' lang='lat' dir='ltr'>ejus,</span> <span class='ocrx_word' id='word_1_30' title='bbox 604 765 703 824; x_wconf 69' lang='lat' dir='ltr'>Patres</span> <span class='ocrx_word' id='word_1_31' title='bbox 716 767 888 844; x_wconf 74' lang='lat' dir='ltr'>conscripti,</span> <span class='ocrx_word' id='word_1_32' title='bbox 900 769 1025 828; x_wconf 85' lang='lat' dir='ltr'>difficilis</span> <span class='ocrx_word' id='word_1_33' title='bbox 1037 781 1080 830; x_wconf 79' lang='lat' dir='ltr'>eet</span> <span class='ocrx_word' id='word_1_34' title='bbox 1095 781 1114 834; x_wconf 69' lang='grc' dir='ltr'><strong>ὅ</strong></span> 
     </span>
     <span class='ocr_line' id='line_1_7' title="bbox 116 839 1081 916; baseline 0.008 -18"><span class='ocrx_word' id='word_1_35' title='bbox 116 839 187 898; x_wconf 70' lang='lat' dir='ltr'>sene</span> <span class='ocrx_word' id='word_1_36' title='bbox 207 842 390 916; x_wconf 78' lang='lat' dir='ltr'>reprehensio</span> <span class='ocrx_word' id='word_1_37' title='bbox 403 853 432 898; x_wconf 92' lang='lat' dir='ltr'>et</span> <span class='ocrx_word' id='word_1_38' title='bbox 452 843 570 898; x_wconf 84' lang='lat' dir='ltr'>lubrice.</span> <span class='ocrx_word' id='word_1_39' title='bbox 612 844 748 902; x_wconf 85' lang='lat' dir='ltr'>Versetue</span> <span class='ocrx_word' id='word_1_40' title='bbox 762 845 793 901; x_wconf 89' lang='lat' dir='ltr'>in</span> <span class='ocrx_word' id='word_1_41' title='bbox 807 845 881 904; x_wconf 84' lang='lat' dir='ltr'>bello</span> <span class='ocrx_word' id='word_1_42' title='bbox 893 858 955 904; x_wconf 86' lang='lat' dir='ltr'>est:</span> <span class='ocrx_word' id='word_1_43' title='bbox 974 857 1081 906; x_wconf 63' lang='lat' dir='ltr'>mure-</span> 
     </span>
     <span class='ocr_line' id='line_1_8' title="bbox 119 919 1149 994; baseline 0.01 -20"><span class='ocrx_word' id='word_1_44' title='bbox 119 920 158 975; x_wconf 84' lang='lat' dir='ltr'>rit</span> <span class='ocrx_word' id='word_1_45' title='bbox 178 938 211 988; x_wconf 85' lang='lat' dir='ltr'>sc</span> <span class='ocrx_word' id='word_1_46' title='bbox 232 919 372 993; x_wconf 83' lang='lat' dir='ltr'>sunguine</span> <span class='ocrx_word' id='word_1_47' title='bbox 390 919 641 976; x_wconf 86' lang='lat' dir='ltr'>dissimillimorum</span> <span class='ocrx_word' id='word_1_48' title='bbox 661 922 706 978; x_wconf 90' lang='lat' dir='ltr'>sui</span> <span class='ocrx_word' id='word_1_49' title='bbox 723 921 836 978; x_wconf 82' lang='lat' dir='ltr'>civium.</span> <span class='ocrx_word' id='word_1_50' title='bbox 876 921 945 980; x_wconf 79' lang='lat' dir='ltr'>Fuit</span> <span class='ocrx_word' id='word_1_51' title='bbox 960 923 1036 994; x_wconf 78' lang='lat' dir='ltr'>felix,</span> <span class='ocrx_word' id='word_1_52' title='bbox 1054 925 1080 982; x_wconf 83' lang='lat' dir='ltr'>si</span> <span class='ocrx_word' id='word_1_53' title='bbox 1145 967 1149 984; x_wconf 89' lang='grc'>.</span> 
     </span>
     <span class='ocr_line' id='line_1_9' title="bbox 117 989 1145 1072; baseline 0.007 -20"><span class='ocrx_word' id='word_1_54' title='bbox 117 1005 213 1070; x_wconf 78' lang='lat' dir='ltr'>potest</span> <span class='ocrx_word' id='word_1_55' title='bbox 227 995 284 1054; x_wconf 85' lang='lat' dir='ltr'>ulle</span> <span class='ocrx_word' id='word_1_56' title='bbox 296 1013 358 1052; x_wconf 82' lang='lat' dir='ltr'>esse</span> <span class='ocrx_word' id='word_1_57' title='bbox 373 996 402 1052; x_wconf 88' lang='lat' dir='ltr'>in</span> <span class='ocrx_word' id='word_1_58' title='bbox 416 995 522 1053; x_wconf 87' lang='lat' dir='ltr'>scelere</span> <span class='ocrx_word' id='word_1_59' title='bbox 537 996 664 1054; x_wconf 72' lang='lat' dir='ltr'>felicitas</span> <span class='ocrx_word' id='word_1_60' title='bbox 705 998 774 1068; x_wconf 83' lang='lat' dir='ltr'>Sed,</span> <span class='ocrx_word' id='word_1_61' title='bbox 786 997 923 1071; x_wconf 78' lang='lat' dir='ltr'>quonium</span> <span class='ocrx_word' id='word_1_62' title='bbox 938 1001 1079 1058; x_wconf 74' lang='lat' dir='ltr'>veteranis</span> <span class='ocrx_word' id='word_1_63' title='bbox 1136 989 1145 1072; x_wconf 82' lang='lat' dir='ltr'>l</span> 
     </span>
     <span class='ocr_line' id='line_1_10' title="bbox 118 1072 1079 1146; baseline 0.005 -16"><span class='ocrx_word' id='word_1_64' title='bbox 118 1083 235 1130; x_wconf 82' lang='lat' dir='ltr'>cautum</span> <span class='ocrx_word' id='word_1_65' title='bbox 248 1091 310 1130; x_wconf 86' lang='lat' dir='ltr'>esse</span> <span class='ocrx_word' id='word_1_66' title='bbox 324 1072 461 1143; x_wconf 86' lang='lat' dir='ltr'>volumus,</span> <span class='ocrx_word' id='word_1_67' title='bbox 470 1091 630 1146; x_wconf 79' lang='lat' dir='ltr'>quenquam</span> <span class='ocrx_word' id='word_1_68' title='bbox 644 1074 790 1132; x_wconf 84' lang='lat' dir='ltr'>dissimilis</span> <span class='ocrx_word' id='word_1_69' title='bbox 803 1075 979 1132; x_wconf 79' lang='lat' dir='ltr'>estmilitum</span> <span class='ocrx_word' id='word_1_70' title='bbox 992 1094 1079 1136; x_wconf 72' lang='lat' dir='ltr'>cutm</span> 
     </span>
     <span class='ocr_line' id='line_1_11' title="bbox 117 1148 1130 1228; baseline 0.004 -22"><span class='ocrx_word' id='word_1_71' title='bbox 117 1161 148 1206; x_wconf 90' lang='lat' dir='ltr'>et</span> <span class='ocrx_word' id='word_1_72' title='bbox 161 1161 210 1206; x_wconf 85' lang='lat' dir='ltr'>tue</span> <span class='ocrx_word' id='word_1_73' title='bbox 224 1148 278 1224; x_wconf 90' lang='lat' dir='ltr'>(illi</span> <span class='ocrx_word' id='word_1_74' title='bbox 293 1150 384 1206; x_wconf 85' lang='lat' dir='ltr'>secuti</span> <span class='ocrx_word' id='word_1_75' title='bbox 399 1160 476 1221; x_wconf 89' lang='lat' dir='ltr'>suut,</span> <span class='ocrx_word' id='word_1_76' title='bbox 488 1160 519 1206; x_wconf 91' lang='lat' dir='ltr'>tu</span> <span class='ocrx_word' id='word_1_77' title='bbox 532 1149 668 1223; x_wconf 80' lang='lat' dir='ltr'>quesisti,</span> <span class='ocrx_word' id='word_1_78' title='bbox 681 1150 815 1226; x_wconf 85' lang='lat' dir='ltr'>ducem);</span> <span class='ocrx_word' id='word_1_79' title='bbox 832 1162 938 1224; x_wconf 84' lang='lat' dir='ltr'>tumen,</span> <span class='ocrx_word' id='word_1_80' title='bbox 953 1171 990 1209; x_wconf 92' lang='lat' dir='ltr'>ne</span> <span class='ocrx_word' id='word_1_81' title='bbox 1003 1153 1078 1228; x_wconf 81' lang='lat' dir='ltr'>tpud</span> <span class='ocrx_word' id='word_1_82' title='bbox 1095 1165 1130 1220; x_wconf 82' lang='grc' dir='ltr'>ιο</span> 
     </span>
     <span class='ocr_line' id='line_1_12' title="bbox 118 1227 1077 1296; baseline 0.003 -12"><span class='ocrx_word' id='word_1_83' title='bbox 118 1227 180 1284; x_wconf 83' lang='lat' dir='ltr'>illos</span> <span class='ocrx_word' id='word_1_84' title='bbox 202 1245 248 1284; x_wconf 89' lang='lat' dir='ltr'>me</span> <span class='ocrx_word' id='word_1_85' title='bbox 275 1227 306 1284; x_wconf 91' lang='lat' dir='ltr'>in</span> <span class='ocrx_word' id='word_1_86' title='bbox 327 1227 464 1284; x_wconf 84' lang='lat' dir='ltr'>invidiam</span> <span class='ocrx_word' id='word_1_87' title='bbox 486 1245 578 1296; x_wconf 85' lang='lat' dir='ltr'>voces,</span> <span class='ocrx_word' id='word_1_88' title='bbox 600 1227 672 1284; x_wconf 83' lang='lat' dir='ltr'>nihil</span> <span class='ocrx_word' id='word_1_89' title='bbox 695 1227 732 1283; x_wconf 90' lang='lat' dir='ltr'>de</span> <span class='ocrx_word' id='word_1_90' title='bbox 756 1227 821 1286; x_wconf 88' lang='lat' dir='ltr'>belli</span> <span class='ocrx_word' id='word_1_91' title='bbox 883 1247 952 1286; x_wconf 90' lang='lat' dir='ltr'>uere</span> <span class='ocrx_word' id='word_1_92' title='bbox 974 1229 1077 1288; x_wconf 83' lang='lat' dir='ltr'>dicem</span> 
     </span>
     <span class='ocr_line' id='line_1_13' title="bbox 118 1303 1076 1378; baseline 0.004 -18"><span class='ocrx_word' id='word_1_93' title='bbox 118 1303 216 1361; x_wconf 83' lang='lat' dir='ltr'>Victor</span> <span class='ocrx_word' id='word_1_94' title='bbox 237 1323 254 1359; x_wconf 93' lang='lat' dir='ltr'>e</span> <span class='ocrx_word' id='word_1_95' title='bbox 278 1304 430 1362; x_wconf 73' lang='lat' dir='ltr'>Thessalid</span> <span class='ocrx_word' id='word_1_96' title='bbox 454 1303 639 1362; x_wconf 84' lang='lat' dir='ltr'>Brundisium</span> <span class='ocrx_word' id='word_1_97' title='bbox 662 1322 728 1360; x_wconf 88' lang='lat' dir='ltr'>curn</span> <span class='ocrx_word' id='word_1_98' title='bbox 749 1304 855 1378; x_wconf 79' lang='lat' dir='ltr'>legioni</span> <span class='ocrx_word' id='word_1_99' title='bbox 895 1324 909 1362; x_wconf 91' lang='lat' dir='ltr'>s</span> <span class='ocrx_word' id='word_1_100' title='bbox 929 1307 1076 1364; x_wconf 81' lang='lat' dir='ltr'>revertisti.</span> 
     </span>
     <span class='ocr_line' id='line_1_14' title="bbox 119 1379 1078 1469; baseline 0.005 -33"><span class='ocrx_word' id='word_1_101' title='bbox 119 1379 164 1436; x_wconf 92' lang='lat' dir='ltr'>Ibi</span> <span class='ocrx_word' id='word_1_102' title='bbox 178 1400 224 1436; x_wconf 88' lang='lat' dir='ltr'>me</span> <span class='ocrx_word' id='word_1_103' title='bbox 245 1399 306 1438; x_wconf 91' lang='lat' dir='ltr'>non</span> <span class='ocrx_word' id='word_1_104' title='bbox 319 1380 466 1437; x_wconf 89' lang='lat' dir='ltr'>occidisti:</span> <span class='ocrx_word' id='word_1_105' title='bbox 489 1399 624 1454; x_wconf 82' lang='lat' dir='ltr'>magnum</span> <span class='ocrx_word' id='word_1_106' title='bbox 647 1379 837 1469; x_wconf 72' lang='lat' dir='ltr'>beneficium:</span> <span class='ocrx_word' id='word_1_107' title='bbox 858 1381 982 1456; x_wconf 84' lang='lat' dir='ltr'>potuisse</span> <span class='ocrx_word' id='word_1_108' title='bbox 999 1383 1078 1440; x_wconf 85' lang='lat' dir='ltr'>enim</span> 
     </span>
     <span class='ocr_line' id='line_1_15' title="bbox 118 1457 1078 1532; baseline 0.002 -18"><span class='ocrx_word' id='word_1_109' title='bbox 118 1457 237 1514; x_wconf 75' lang='lat' dir='ltr'>satem.-</span> <span class='ocrx_word' id='word_1_110' title='bbox 258 1457 432 1530; x_wconf 77' lang='lat' dir='ltr'><strong>Quanquam</strong></span> <span class='ocrx_word' id='word_1_111' title='bbox 454 1476 539 1514; x_wconf 88' lang='lat' dir='ltr'>nemo</span> <span class='ocrx_word' id='word_1_112' title='bbox 553 1467 614 1514; x_wconf 85' lang='lat' dir='ltr'>eret</span> <span class='ocrx_word' id='word_1_113' title='bbox 630 1475 741 1527; x_wconf 88' lang='lat' dir='ltr'>eorum,</span> <span class='ocrx_word' id='word_1_114' title='bbox 754 1476 803 1532; x_wconf 88' lang='lat' dir='ltr'>qur</span> <span class='ocrx_word' id='word_1_115' title='bbox 821 1469 882 1516; x_wconf 87' lang='lat' dir='ltr'>tum</span> <span class='ocrx_word' id='word_1_116' title='bbox 903 1469 997 1516; x_wconf 59' lang='lat' dir='ltr'>mum</span> <span class='ocrx_word' id='word_1_117' title='bbox 1018 1460 1078 1516; x_wconf 82' lang='lat' dir='ltr'>lue·</span> 
     </span>
     <span class='ocr_line' id='line_1_16' title="bbox 117 1534 1129 1608; baseline 0.002 -17"><span class='ocrx_word' id='word_1_118' title='bbox 117 1545 197 1604; x_wconf 86' lang='lat' dir='ltr'>runt,</span> <span class='ocrx_word' id='word_1_119' title='bbox 219 1534 268 1607; x_wconf 88' lang='lat' dir='ltr'>qui</span> <span class='ocrx_word' id='word_1_120' title='bbox 289 1534 358 1590; x_wconf 89' lang='lat' dir='ltr'>mihi</span> <span class='ocrx_word' id='word_1_121' title='bbox 379 1553 437 1590; x_wconf 89' lang='lat' dir='ltr'>non</span> <span class='ocrx_word' id='word_1_122' title='bbox 458 1545 588 1592; x_wconf 85' lang='lat' dir='ltr'>censeret</span> <span class='ocrx_word' id='word_1_123' title='bbox 607 1534 686 1608; x_wconf 81' lang='lat' dir='ltr'>perri</span> <span class='ocrx_word' id='word_1_124' title='bbox 706 1545 843 1608; x_wconf 87' lang='lat' dir='ltr'>oportere.</span> <span class='ocrx_word' id='word_1_125' title='bbox 883 1534 981 1592; x_wconf 79' lang='lat' dir='ltr'>Teute</span> <span class='ocrx_word' id='word_1_126' title='bbox 999 1535 1077 1592; x_wconf 89' lang='lat' dir='ltr'>enim</span> <span class='ocrx_word' id='word_1_127' title='bbox 1095 1545 1129 1604; x_wconf 72' lang='lat'>15</span> 
     </span>
     <span class='ocr_line' id='line_1_17' title="bbox 116 1609 1077 1685; baseline 0.002 -17"><span class='ocrx_word' id='word_1_128' title='bbox 116 1620 164 1668; x_wconf 86' lang='lat' dir='ltr'>cst</span> <span class='ocrx_word' id='word_1_129' title='bbox 177 1611 281 1668; x_wconf 74' lang='lat' dir='ltr'>ceritas</span> <span class='ocrx_word' id='word_1_130' title='bbox 294 1611 400 1685; x_wconf 74' lang='lat' dir='ltr'>petrin,</span> <span class='ocrx_word' id='word_1_131' title='bbox 415 1621 446 1666; x_wconf 95' lang='lat' dir='ltr'>ut</span> <span class='ocrx_word' id='word_1_132' title='bbox 459 1611 558 1668; x_wconf 85' lang='lat' dir='ltr'>vestris</span> <span class='ocrx_word' id='word_1_133' title='bbox 572 1612 657 1668; x_wconf 79' lang='lat' dir='ltr'>etiem</span> <span class='ocrx_word' id='word_1_134' title='bbox 670 1609 831 1684; x_wconf 80' lang='lat' dir='ltr'>legionibus</span> <span class='ocrx_word' id='word_1_135' title='bbox 844 1622 962 1668; x_wconf 73' lang='lat' dir='ltr'>moetus</span> <span class='ocrx_word' id='word_1_136' title='bbox 974 1629 1077 1684; x_wconf 69' lang='lat' dir='ltr'>cmm,</span> 
     </span>
     <span class='ocr_line' id='line_1_18' title="bbox 112 1685 1078 1762; baseline 0.001 -16"><span class='ocrx_word' id='word_1_137' title='bbox 112 1685 194 1762; x_wconf 73' lang='lat' dir='ltr'>quod</span> <span class='ocrx_word' id='word_1_138' title='bbox 215 1706 278 1746; x_wconf 84' lang='lat' dir='ltr'>enm</span> <span class='ocrx_word' id='word_1_139' title='bbox 292 1707 309 1744; x_wconf 87' lang='lat' dir='ltr'>e</span> <span class='ocrx_word' id='word_1_140' title='bbox 322 1707 368 1744; x_wconf 89' lang='lat' dir='ltr'>me</span> <span class='ocrx_word' id='word_1_141' title='bbox 382 1699 519 1746; x_wconf 80' lang='lat' dir='ltr'>servatum</span> <span class='ocrx_word' id='word_1_142' title='bbox 537 1707 601 1746; x_wconf 87' lang='lat' dir='ltr'>esee</span> <span class='ocrx_word' id='word_1_143' title='bbox 614 1687 822 1746; x_wconf 78' lang='lat' dir='ltr'>meminissent.</span> <span class='ocrx_word' id='word_1_144' title='bbox 863 1688 922 1746; x_wconf 84' lang='lat' dir='ltr'>Sed</span> <span class='ocrx_word' id='word_1_145' title='bbox 938 1688 992 1760; x_wconf 86' lang='lat' dir='ltr'>fec,</span> <span class='ocrx_word' id='word_1_146' title='bbox 1005 1689 1036 1746; x_wconf 91' lang='lat' dir='ltr'>id</span> <span class='ocrx_word' id='word_1_147' title='bbox 1049 1698 1078 1748; x_wconf 87' lang='lat' dir='ltr'>te</span> 
     </span>
     <span class='ocr_line' id='line_1_19' title="bbox 117 1765 1077 1840; baseline 0.002 -18"><span class='ocrx_word' id='word_1_148' title='bbox 117 1766 232 1840; x_wconf 80' lang='lat' dir='ltr'>dedisse</span> <span class='ocrx_word' id='word_1_149' title='bbox 246 1765 325 1836; x_wconf 86' lang='lat' dir='ltr'>mibi,</span> <span class='ocrx_word' id='word_1_150' title='bbox 345 1766 420 1840; x_wconf 89' lang='lat' dir='ltr'>quod</span> <span class='ocrx_word' id='word_1_151' title='bbox 434 1783 492 1822; x_wconf 90' lang='lat' dir='ltr'>non</span> <span class='ocrx_word' id='word_1_152' title='bbox 513 1765 653 1835; x_wconf 86' lang='lat' dir='ltr'>edemisti,</span> <span class='ocrx_word' id='word_1_153' title='bbox 667 1781 770 1837; x_wconf 88' lang='lat' dir='ltr'>meque</span> <span class='ocrx_word' id='word_1_154' title='bbox 784 1783 802 1820; x_wconf 87' lang='lat' dir='ltr'>e</span> <span class='ocrx_word' id='word_1_155' title='bbox 821 1775 849 1822; x_wconf 83' lang='lat' dir='ltr'>te</span> <span class='ocrx_word' id='word_1_156' title='bbox 863 1765 968 1822; x_wconf 82' lang='lat' dir='ltr'>bebere</span> <span class='ocrx_word' id='word_1_157' title='bbox 981 1765 1077 1838; x_wconf 82' lang='lat' dir='ltr'>ritem,</span> 
     </span>
     <span class='ocr_line' id='line_1_20' title="bbox 117 1841 1078 1916; baseline -0.002 -16"><span class='ocrx_word' id='word_1_158' title='bbox 117 1843 187 1916; x_wconf 86' lang='lat' dir='ltr'>quie</span> <span class='ocrx_word' id='word_1_159' title='bbox 200 1862 218 1898; x_wconf 83' lang='lat' dir='ltr'>e</span> <span class='ocrx_word' id='word_1_160' title='bbox 229 1853 258 1900; x_wconf 92' lang='lat' dir='ltr'>te</span> <span class='ocrx_word' id='word_1_161' title='bbox 271 1861 330 1898; x_wconf 90' lang='lat' dir='ltr'>non</span> <span class='ocrx_word' id='word_1_162' title='bbox 344 1841 380 1898; x_wconf 90' lang='lat' dir='ltr'>sit</span> <span class='ocrx_word' id='word_1_163' title='bbox 393 1853 507 1916; x_wconf 82' lang='lat' dir='ltr'>ereptu;</span> <span class='ocrx_word' id='word_1_164' title='bbox 527 1841 646 1898; x_wconf 72' lang='lat' dir='ltr'>licuitne</span> <span class='ocrx_word' id='word_1_165' title='bbox 658 1841 730 1898; x_wconf 89' lang='lat' dir='ltr'>mihi</span> <span class='ocrx_word' id='word_1_166' title='bbox 748 1859 798 1915; x_wconf 87' lang='lat' dir='ltr'>per</span> <span class='ocrx_word' id='word_1_167' title='bbox 811 1851 876 1900; x_wconf 83' lang='lat' dir='ltr'>tues</span> <span class='ocrx_word' id='word_1_168' title='bbox 891 1842 1078 1898; x_wconf 70' lang='lat' dir='ltr'>contumeliae</span> 
     </span>
     <span class='ocr_line' id='line_1_21' title="bbox 117 1913 1129 1993; baseline 0.001 -17"><span class='ocrx_word' id='word_1_169' title='bbox 117 1920 175 1977; x_wconf 88' lang='lat' dir='ltr'>boo</span> <span class='ocrx_word' id='word_1_170' title='bbox 196 1918 367 1976; x_wconf 86' lang='lat' dir='ltr'>beneficium</span> <span class='ocrx_word' id='word_1_171' title='bbox 388 1919 430 1975; x_wconf 88' lang='lat' dir='ltr'>sio</span> <span class='ocrx_word' id='word_1_172' title='bbox 443 1918 526 1989; x_wconf 90' lang='lat' dir='ltr'>tueri,</span> <span class='ocrx_word' id='word_1_173' title='bbox 541 1928 573 1976; x_wconf 90' lang='lat' dir='ltr'>ut</span> <span class='ocrx_word' id='word_1_174' title='bbox 592 1919 700 1990; x_wconf 78' lang='lat' dir='ltr'>tuebar,</span> <span class='ocrx_word' id='word_1_175' title='bbox 714 1917 870 1993; x_wconf 77' lang='lat' dir='ltr'>presertim</span> <span class='ocrx_word' id='word_1_176' title='bbox 891 1913 958 1976; x_wconf 71' lang='lat' dir='ltr'>cum</span> <span class='ocrx_word' id='word_1_177' title='bbox 974 1928 1002 1976; x_wconf 88' lang='lat' dir='ltr'>te</span> <span class='ocrx_word' id='word_1_178' title='bbox 1015 1918 1077 1982; x_wconf 71' lang='lat' dir='ltr'>bec</span> <span class='ocrx_word' id='word_1_179' title='bbox 1092 1933 1129 1988; x_wconf 72' lang='lat' dir='ltr'>m</span> 
     </span>
     <span class='ocr_line' id='line_1_22' title="bbox 115 1997 427 2054; baseline -0.01 0"><span class='ocrx_word' id='word_1_180' title='bbox 115 1997 282 2054; x_wconf 68' lang='lat' dir='ltr'>auditurum</span> <span class='ocrx_word' id='word_1_181' title='bbox 296 1997 427 2054; x_wconf 82' lang='lat' dir='ltr'>videresl</span> 
     </span>
    </p>

    <p class='ocr_par' dir='ltr' id='par_1_4' title="bbox 108 2073 1127 2688">
     <span class='ocr_line' id='line_1_23' title="bbox 155 2073 1077 2154; baseline 0.004 -23"><span class='ocrx_word' id='word_1_182' title='bbox 155 2073 253 2131; x_wconf 90' lang='lat' dir='ltr'>XXV.</span> <span class='ocrx_word' id='word_1_183' title='bbox 289 2073 401 2130; x_wconf 77' lang='lat' dir='ltr'>Venisti</span> <span class='ocrx_word' id='word_1_184' title='bbox 415 2074 610 2146; x_wconf 87' lang='lat' dir='ltr'>Brundisium,</span> <span class='ocrx_word' id='word_1_185' title='bbox 627 2076 659 2134; x_wconf 93' lang='lat' dir='ltr'>in</span> <span class='ocrx_word' id='word_1_186' title='bbox 674 2075 768 2134; x_wconf 88' lang='lat' dir='ltr'>sinum</span> <span class='ocrx_word' id='word_1_187' title='bbox 782 2075 898 2154; x_wconf 88' lang='lat' dir='ltr'>quidem</span> <span class='ocrx_word' id='word_1_188' title='bbox 915 2075 988 2134; x_wconf 89' lang='lat' dir='ltr'>etin</span> <span class='ocrx_word' id='word_1_189' title='bbox 1001 2094 1077 2136; x_wconf 86' lang='lat' dir='ltr'>corn·</span> 
     </span>
     <span class='ocr_line' id='line_1_24' title="bbox 113 2151 1076 2226; baseline 0.004 -18"><span class='ocrx_word' id='word_1_190' title='bbox 113 2151 230 2226; x_wconf 84' lang='lat' dir='ltr'>plexum</span> <span class='ocrx_word' id='word_1_191' title='bbox 255 2161 312 2206; x_wconf 78' lang='lat' dir='ltr'>tute</span> <span class='ocrx_word' id='word_1_192' title='bbox 339 2151 471 2220; x_wconf 74' lang='lat' dir='ltr'>rniruule.</span> <span class='ocrx_word' id='word_1_193' title='bbox 512 2151 595 2212; x_wconf 77' lang='lat' dir='ltr'>Quid</span> <span class='ocrx_word' id='word_1_194' title='bbox 618 2155 685 2210; x_wconf 85' lang='lat' dir='ltr'>estl</span> <span class='ocrx_word' id='word_1_195' title='bbox 711 2173 781 2212; x_wconf 89' lang='lat' dir='ltr'>num</span> <span class='ocrx_word' id='word_1_196' title='bbox 802 2155 943 2212; x_wconf 86' lang='lat' dir='ltr'>mentiorl</span> <span class='ocrx_word' id='word_1_197' title='bbox 976 2151 1076 2213; x_wconf 80' lang='lat' dir='ltr'>Qutm</span> 
     </span>
     <span class='ocr_line' id='line_1_25' title="bbox 108 2229 1077 2304; baseline 0 -18"><span class='ocrx_word' id='word_1_198' title='bbox 108 2230 254 2286; x_wconf 82' lang='lat' dir='ltr'>miserum</span> <span class='ocrx_word' id='word_1_199' title='bbox 267 2239 312 2284; x_wconf 87' lang='lat' dir='ltr'>est</span> <span class='ocrx_word' id='word_1_200' title='bbox 325 2229 354 2284; x_wconf 90' lang='lat' dir='ltr'>id</span> <span class='ocrx_word' id='word_1_201' title='bbox 368 2245 474 2302; x_wconf 74' lang='lat' dir='ltr'>negare</span> <span class='ocrx_word' id='word_1_202' title='bbox 488 2246 546 2284; x_wconf 87' lang='lat' dir='ltr'>non</span> <span class='ocrx_word' id='word_1_203' title='bbox 560 2247 654 2302; x_wconf 87' lang='lat' dir='ltr'>posse,</span> <span class='ocrx_word' id='word_1_204' title='bbox 667 2231 743 2304; x_wconf 92' lang='lat' dir='ltr'>quod</span> <span class='ocrx_word' id='word_1_205' title='bbox 756 2231 793 2288; x_wconf 87' lang='lat' dir='ltr'>sit</span> <span class='ocrx_word' id='word_1_206' title='bbox 802 2229 998 2304; x_wconf 84' lang='lat' dir='ltr'>turpissimum</span> <span class='ocrx_word' id='word_1_207' title='bbox 1010 2247 1077 2286; x_wconf 89' lang='lat' dir='ltr'>con·</span> 
     </span>
     <span class='ocr_line' id='line_1_26' title="bbox 115 2303 1127 2380; baseline 0 -18"><span class='ocrx_word' id='word_1_208' title='bbox 115 2305 209 2362; x_wconf 86' lang='lat' dir='ltr'>literil</span> <span class='ocrx_word' id='word_1_209' title='bbox 246 2304 279 2360; x_wconf 84' lang='lat' dir='ltr'>Si</span> <span class='ocrx_word' id='word_1_210' title='bbox 298 2315 326 2360; x_wconf 90' lang='lat' dir='ltr'>te</span> <span class='ocrx_word' id='word_1_211' title='bbox 345 2303 565 2377; x_wconf 74' lang='lat' dir='ltr'>municipiorum</span> <span class='ocrx_word' id='word_1_212' title='bbox 586 2323 644 2362; x_wconf 91' lang='lat' dir='ltr'>non</span> <span class='ocrx_word' id='word_1_213' title='bbox 658 2308 800 2380; x_wconf 86' lang='lat' dir='ltr'>pudebet;</span> <span class='ocrx_word' id='word_1_214' title='bbox 820 2325 858 2364; x_wconf 92' lang='lat' dir='ltr'>ne</span> <span class='ocrx_word' id='word_1_215' title='bbox 872 2304 996 2364; x_wconf 83' lang='lat' dir='ltr'>vetereni</span> <span class='ocrx_word' id='word_1_216' title='bbox 1017 2304 1077 2379; x_wconf 87' lang='lat' dir='ltr'>qui-</span> <span class='ocrx_word' id='word_1_217' title='bbox 1091 2319 1127 2376; x_wconf 72' lang='lat'>25</span> 
     </span>
     <span class='ocr_line' id='line_1_27' title="bbox 111 2380 1076 2458; baseline 0.002 -20"><span class='ocrx_word' id='word_1_218' title='bbox 111 2382 185 2438; x_wconf 85' lang='lat' dir='ltr'>dem</span> <span class='ocrx_word' id='word_1_219' title='bbox 199 2381 360 2438; x_wconf 76' lang='lat' dir='ltr'>exercitiis?</span> <span class='ocrx_word' id='word_1_220' title='bbox 392 2380 468 2441; x_wconf 82' lang='lat' dir='ltr'>Quis</span> <span class='ocrx_word' id='word_1_221' title='bbox 483 2381 561 2437; x_wconf 86' lang='lat' dir='ltr'>enim</span> <span class='ocrx_word' id='word_1_222' title='bbox 581 2382 663 2440; x_wconf 86' lang='lat' dir='ltr'>miles</span> <span class='ocrx_word' id='word_1_223' title='bbox 682 2384 744 2456; x_wconf 86' lang='lat' dir='ltr'>suit,</span> <span class='ocrx_word' id='word_1_224' title='bbox 762 2384 811 2458; x_wconf 90' lang='lat' dir='ltr'>qui</span> <span class='ocrx_word' id='word_1_225' title='bbox 834 2382 980 2440; x_wconf 87' lang='lat' dir='ltr'>Brundisii</span> <span class='ocrx_word' id='word_1_226' title='bbox 998 2381 1076 2440; x_wconf 75' lang='lat' dir='ltr'>illurn</span> 
     </span>
     <span class='ocr_line' id='line_1_28' title="bbox 114 2459 1075 2533; baseline 0.002 -17"><span class='ocrx_word' id='word_1_227' title='bbox 114 2478 174 2516; x_wconf 93' lang='lat' dir='ltr'>non</span> <span class='ocrx_word' id='word_1_228' title='bbox 191 2459 313 2516; x_wconf 88' lang='lat' dir='ltr'>videritl</span> <span class='ocrx_word' id='word_1_229' title='bbox 332 2459 404 2533; x_wconf 89' lang='lat' dir='ltr'>quis,</span> <span class='ocrx_word' id='word_1_230' title='bbox 418 2459 467 2532; x_wconf 91' lang='lat' dir='ltr'>qui</span> <span class='ocrx_word' id='word_1_231' title='bbox 482 2460 625 2531; x_wconf 84' lang='lat' dir='ltr'>nescierit,</span> <span class='ocrx_word' id='word_1_232' title='bbox 640 2461 751 2518; x_wconf 86' lang='lat' dir='ltr'>venisse</span> <span class='ocrx_word' id='word_1_233' title='bbox 765 2479 828 2518; x_wconf 86' lang='lat' dir='ltr'>cem</span> <span class='ocrx_word' id='word_1_234' title='bbox 846 2460 898 2518; x_wconf 92' lang='lat' dir='ltr'>tibi</span> <span class='ocrx_word' id='word_1_235' title='bbox 912 2470 952 2518; x_wconf 90' lang='lat' dir='ltr'>tot</span> <span class='ocrx_word' id='word_1_236' title='bbox 964 2459 1075 2518; x_wconf 86' lang='lat' dir='ltr'>dierum</span> 
     </span>
     <span class='ocr_line' id='line_1_29' title="bbox 112 2533 1074 2610; baseline 0.002 -18"><span class='ocrx_word' id='word_1_237' title='bbox 112 2537 191 2592; x_wconf 82' lang='lat' dir='ltr'>vium</span> <span class='ocrx_word' id='word_1_238' title='bbox 214 2537 406 2610; x_wconf 80' lang='lat' dir='ltr'>gratuletuml</span> <span class='ocrx_word' id='word_1_239' title='bbox 432 2536 506 2609; x_wconf 91' lang='lat' dir='ltr'>quis,</span> <span class='ocrx_word' id='word_1_240' title='bbox 527 2536 577 2609; x_wconf 92' lang='lat' dir='ltr'>qui</span> <span class='ocrx_word' id='word_1_241' title='bbox 599 2556 659 2594; x_wconf 90' lang='lat' dir='ltr'>non</span> <span class='ocrx_word' id='word_1_242' title='bbox 681 2538 842 2608; x_wconf 85' lang='lat' dir='ltr'>indoluerit,</span> <span class='ocrx_word' id='word_1_243' title='bbox 865 2547 922 2594; x_wconf 80' lang='lat' dir='ltr'>tem</span> <span class='ocrx_word' id='word_1_244' title='bbox 944 2533 1008 2594; x_wconf 76' lang='lat' dir='ltr'>sero</span> <span class='ocrx_word' id='word_1_245' title='bbox 1032 2553 1074 2608; x_wconf 82' lang='lat' dir='ltr'>ee,</span> 
     </span>
     <span class='ocr_line' id='line_1_30' title="bbox 114 2613 792 2688; baseline 0.003 -20"><span class='ocrx_word' id='word_1_246' title='bbox 114 2631 202 2687; x_wconf 85' lang='lat' dir='ltr'>quem</span> <span class='ocrx_word' id='word_1_247' title='bbox 217 2613 361 2668; x_wconf 88' lang='lat' dir='ltr'>bominem</span> <span class='ocrx_word' id='word_1_248' title='bbox 374 2626 489 2670; x_wconf 87' lang='lat' dir='ltr'>secutus</span> <span class='ocrx_word' id='word_1_249' title='bbox 501 2623 586 2682; x_wconf 85' lang='lat' dir='ltr'>esset,</span> <span class='ocrx_word' id='word_1_250' title='bbox 600 2617 792 2688; x_wconf 77' lang='lat' dir='ltr'>cognosceret</span> 
     </span>
    </p>

    <p class='ocr_par' dir='ltr' id='par_1_5' title="bbox 103 2689 1145 3760">
     <span class='ocr_line' id='line_1_31' title="bbox 155 2689 1127 2763; baseline 0.004 -17"><span class='ocrx_word' id='word_1_251' title='bbox 155 2689 247 2746; x_wconf 82' lang='lat' dir='ltr'>lteliae</span> <span class='ocrx_word' id='word_1_252' title='bbox 261 2706 358 2744; x_wconf 84' lang='lat' dir='ltr'>rursus</span> <span class='ocrx_word' id='word_1_253' title='bbox 371 2690 554 2763; x_wconf 76' lang='lat' dir='ltr'>percursatio,</span> <span class='ocrx_word' id='word_1_254' title='bbox 568 2689 671 2746; x_wconf 76' lang='lat' dir='ltr'>cuidem</span> <span class='ocrx_word' id='word_1_255' title='bbox 684 2693 789 2748; x_wconf 86' lang='lat' dir='ltr'>comite</span> <span class='ocrx_word' id='word_1_256' title='bbox 800 2689 907 2757; x_wconf 44' lang='lat' dir='ltr'>mim&amp;</span> <span class='ocrx_word' id='word_1_257' title='bbox 928 2691 959 2746; x_wconf 92' lang='lat' dir='ltr'>in</span> <span class='ocrx_word' id='word_1_258' title='bbox 971 2690 1076 2763; x_wconf 69' lang='lat' dir='ltr'>oppida</span> <span class='ocrx_word' id='word_1_259' title='bbox 1089 2693 1127 2750; x_wconf 65' lang='lat' dir='ltr'>m</span> 
     </span>
     <span class='ocr_line' id='line_1_32' title="bbox 112 2765 1075 2840; baseline -0.002 -14"><span class='ocrx_word' id='word_1_260' title='bbox 112 2767 240 2826; x_wconf 85' lang='lat' dir='ltr'>militum</span> <span class='ocrx_word' id='word_1_261' title='bbox 253 2766 376 2822; x_wconf 86' lang='lat' dir='ltr'>crudelis</span> <span class='ocrx_word' id='word_1_262' title='bbox 396 2776 425 2821; x_wconf 91' lang='lat' dir='ltr'>et</span> <span class='ocrx_word' id='word_1_263' title='bbox 438 2766 540 2822; x_wconf 85' lang='lat' dir='ltr'>misera</span> <span class='ocrx_word' id='word_1_264' title='bbox 556 2767 707 2836; x_wconf 67' lang='lat' dir='ltr'>deductim</span> <span class='ocrx_word' id='word_1_265' title='bbox 728 2769 758 2825; x_wconf 92' lang='lat' dir='ltr'>in</span> <span class='ocrx_word' id='word_1_266' title='bbox 773 2765 849 2824; x_wconf 84' lang='lat' dir='ltr'>Urbe</span> <span class='ocrx_word' id='word_1_267' title='bbox 863 2766 933 2838; x_wconf 85' lang='lat' dir='ltr'>euri,</span> <span class='ocrx_word' id='word_1_268' title='bbox 954 2765 1075 2840; x_wconf 79' lang='lat' dir='ltr'>urgenti,</span> 
     </span>
     <span class='ocr_line' id='line_1_33' title="bbox 107 2840 1076 2918; baseline 0.002 -18"><span class='ocrx_word' id='word_1_269' title='bbox 107 2840 297 2916; x_wconf 59' lang='lat' dir='ltr'>,meximeque</span> <span class='ocrx_word' id='word_1_270' title='bbox 311 2843 378 2913; x_wconf 85' lang='lat' dir='ltr'>vini,</span> <span class='ocrx_word' id='word_1_271' title='bbox 398 2842 471 2900; x_wconf 86' lang='lat' dir='ltr'>foeda</span> <span class='ocrx_word' id='word_1_272' title='bbox 484 2843 613 2917; x_wconf 88' lang='lat' dir='ltr'>direptio.</span> <span class='ocrx_word' id='word_1_273' title='bbox 654 2845 797 2915; x_wconf 82' lang='lat' dir='ltr'>Accessit,</span> <span class='ocrx_word' id='word_1_274' title='bbox 810 2855 851 2915; x_wconf 91' lang='lat' dir='ltr'>ut,</span> <span class='ocrx_word' id='word_1_275' title='bbox 869 2843 984 2900; x_wconf 80' lang='lat' dir='ltr'>Cressre</span> <span class='ocrx_word' id='word_1_276' title='bbox 996 2841 1076 2918; x_wconf 74' lang='lat' dir='ltr'>igne·</span> 
     </span>
     <span class='ocr_line' id='line_1_34' title="bbox 111 2918 1075 2997; baseline 0 -19"><span class='ocrx_word' id='word_1_277' title='bbox 111 2939 156 2993; x_wconf 86' lang='lat' dir='ltr'>ro,</span> <span class='ocrx_word' id='word_1_278' title='bbox 179 2918 260 2996; x_wconf 79' lang='lat' dir='ltr'>(otim</span> <span class='ocrx_word' id='word_1_279' title='bbox 285 2921 331 2976; x_wconf 88' lang='lat' dir='ltr'>ille</span> <span class='ocrx_word' id='word_1_280' title='bbox 354 2930 431 2978; x_wconf 85' lang='lat' dir='ltr'>esset</span> <span class='ocrx_word' id='word_1_281' title='bbox 451 2919 645 2996; x_wconf 80' lang='lat' dir='ltr'>Alexandriae)</span> <span class='ocrx_word' id='word_1_282' title='bbox 668 2921 808 2978; x_wconf 87' lang='lat' dir='ltr'>beneficio</span> <span class='ocrx_word' id='word_1_283' title='bbox 827 2921 983 2980; x_wconf 88' lang='lat' dir='ltr'>emicorum</span> <span class='ocrx_word' id='word_1_284' title='bbox 1003 2921 1075 2997; x_wconf 81' lang='lat' dir='ltr'>ejus,</span> 
     </span>
     <span class='ocr_line' id='line_1_35' title="bbox 105 2997 1074 3075; baseline 0 -19"><span class='ocrx_word' id='word_1_285' title='bbox 105 3000 247 3075; x_wconf 76' lang='lat' dir='ltr'>magister</span> <span class='ocrx_word' id='word_1_286' title='bbox 267 2998 394 3071; x_wconf 88' lang='lat' dir='ltr'>equiturn</span> <span class='ocrx_word' id='word_1_287' title='bbox 413 2998 638 3056; x_wconf 84' lang='lat' dir='ltr'>constitueretur.</span> <span class='ocrx_word' id='word_1_288' title='bbox 679 2997 758 3056; x_wconf 86' lang='lat' dir='ltr'>Tum</span> <span class='ocrx_word' id='word_1_289' title='bbox 778 2998 956 3067; x_wconf 79' lang='lat' dir='ltr'>existimavit,</span> <span class='ocrx_word' id='word_1_290' title='bbox 977 3017 1007 3056; x_wconf 90' lang='lat' dir='ltr'>se</span> <span class='ocrx_word' id='word_1_291' title='bbox 1021 3017 1074 3056; x_wconf 88' lang='lat' dir='ltr'>suo</span> 
     </span>
     <span class='ocr_line' id='line_1_36' title="bbox 106 3074 1124 3151; baseline -0.002 -17"><span class='ocrx_word' id='word_1_292' title='bbox 106 3077 172 3151; x_wconf 90' lang='lat' dir='ltr'>jure</span> <span class='ocrx_word' id='word_1_293' title='bbox 194 3095 261 3133; x_wconf 84' lang='lat' dir='ltr'>cunr</span> <span class='ocrx_word' id='word_1_294' title='bbox 284 3075 394 3149; x_wconf 77' lang='lat' dir='ltr'>Hippin</span> <span class='ocrx_word' id='word_1_295' title='bbox 415 3074 518 3144; x_wconf 86' lang='lat' dir='ltr'>vivere,</span> <span class='ocrx_word' id='word_1_296' title='bbox 539 3085 568 3130; x_wconf 91' lang='lat' dir='ltr'>et</span> <span class='ocrx_word' id='word_1_297' title='bbox 587 3095 674 3149; x_wconf 85' lang='lat' dir='ltr'>equos</span> <span class='ocrx_word' id='word_1_298' title='bbox 690 3075 843 3149; x_wconf 80' lang='lat' dir='ltr'>vectigales</span> <span class='ocrx_word' id='word_1_299' title='bbox 867 3075 967 3146; x_wconf 77' lang='lat' dir='ltr'>Sergio</span> <span class='ocrx_word' id='word_1_300' title='bbox 987 3075 1074 3132; x_wconf 89' lang='lat' dir='ltr'>mimo</span> <span class='ocrx_word' id='word_1_301' title='bbox 1088 3083 1124 3138; x_wconf 74' lang='lat'>35</span> 
     </span>
     <span class='ocr_line' id='line_1_37' title="bbox 108 3147 1073 3225; baseline -0.007 -13"><span class='ocrx_word' id='word_1_302' title='bbox 108 3156 229 3212; x_wconf 81' lang='lat' dir='ltr'>trudere.</span> <span class='ocrx_word' id='word_1_303' title='bbox 272 3151 352 3208; x_wconf 88' lang='lat' dir='ltr'>Turn</span> <span class='ocrx_word' id='word_1_304' title='bbox 367 3151 493 3208; x_wconf 87' lang='lat' dir='ltr'>sibinen</span> <span class='ocrx_word' id='word_1_305' title='bbox 512 3152 597 3224; x_wconf 87' lang='lat' dir='ltr'>benc,</span> <span class='ocrx_word' id='word_1_306' title='bbox 611 3171 695 3225; x_wconf 74' lang='lat' dir='ltr'>quern</span> <span class='ocrx_word' id='word_1_307' title='bbox 716 3169 795 3208; x_wconf 90' lang='lat' dir='ltr'>nunc</span> <span class='ocrx_word' id='word_1_308' title='bbox 808 3147 882 3208; x_wconf 72' lang='lat' dir='ltr'>mele</span> <span class='ocrx_word' id='word_1_309' title='bbox 903 3158 1008 3220; x_wconf 85' lang='lat' dir='ltr'>tuetur,</span> <span class='ocrx_word' id='word_1_310' title='bbox 1022 3150 1073 3205; x_wconf 85' lang='lat' dir='ltr'>sed</span> 
     </span>
     <span class='ocr_line' id='line_1_38' title="bbox 111 3225 1145 3308; baseline -0.005 -22"><span class='ocrx_word' id='word_1_311' title='bbox 111 3230 156 3286; x_wconf 81' lang='lat' dir='ltr'>M.</span> <span class='ocrx_word' id='word_1_312' title='bbox 170 3229 282 3286; x_wconf 85' lang='lat' dir='ltr'>Pisonis</span> <span class='ocrx_word' id='word_1_313' title='bbox 300 3230 426 3300; x_wconf 86' lang='lat' dir='ltr'>domum,</span> <span class='ocrx_word' id='word_1_314' title='bbox 445 3227 494 3286; x_wconf 91' lang='lat' dir='ltr'>ubi</span> <span class='ocrx_word' id='word_1_315' title='bbox 509 3229 655 3300; x_wconf 79' lang='lat' dir='ltr'>habitaret,</span> <span class='ocrx_word' id='word_1_316' title='bbox 673 3230 788 3304; x_wconf 84' lang='lat' dir='ltr'>legeret.</span> <span class='ocrx_word' id='word_1_317' title='bbox 828 3227 911 3288; x_wconf 80' lang='lat' dir='ltr'>Quid</span> <span class='ocrx_word' id='word_1_318' title='bbox 924 3245 978 3301; x_wconf 84' lang='lat' dir='ltr'>ego</span> <span class='ocrx_word' id='word_1_319' title='bbox 991 3225 1074 3284; x_wconf 83' lang='lat' dir='ltr'>istius</span> <span class='ocrx_word' id='word_1_320' title='bbox 1137 3243 1145 3308; x_wconf 63' lang='lat'>²,</span> 
     </span>
     <span class='ocr_line' id='line_1_39' title="bbox 108 3303 1072 3381; baseline 0 -19"><span class='ocrx_word' id='word_1_321' title='bbox 108 3307 239 3376; x_wconf 71' lang='lat' dir='ltr'>decrmn,</span> <span class='ocrx_word' id='word_1_322' title='bbox 258 3307 326 3377; x_wconf 85' lang='lat' dir='ltr'>quid</span> <span class='ocrx_word' id='word_1_323' title='bbox 339 3307 461 3381; x_wconf 79' lang='lat' dir='ltr'>rapinas,</span> <span class='ocrx_word' id='word_1_324' title='bbox 475 3307 543 3379; x_wconf 93' lang='lat' dir='ltr'>quid</span> <span class='ocrx_word' id='word_1_325' title='bbox 565 3305 759 3367; x_wconf 75' lang='lat' dir='ltr'>hereditatum</span> <span class='ocrx_word' id='word_1_326' title='bbox 777 3303 970 3379; x_wconf 84' lang='lat' dir='ltr'>possessiones</span> <span class='ocrx_word' id='word_1_327' title='bbox 984 3304 1072 3376; x_wconf 77' lang='lat' dir='ltr'>dutus,</span> 
     </span>
     <span class='ocr_line' id='line_1_40' title="bbox 110 3376 1072 3459; baseline 0.001 -21"><span class='ocrx_word' id='word_1_328' title='bbox 110 3383 185 3459; x_wconf 90' lang='lat' dir='ltr'>quid</span> <span class='ocrx_word' id='word_1_329' title='bbox 199 3392 317 3455; x_wconf 84' lang='lat' dir='ltr'>ereptas,</span> <span class='ocrx_word' id='word_1_330' title='bbox 337 3383 496 3456; x_wconf 81' lang='lat' dir='ltr'>prolereinl</span> <span class='ocrx_word' id='word_1_331' title='bbox 529 3382 660 3456; x_wconf 84' lang='lat' dir='ltr'>Cogebet</span> <span class='ocrx_word' id='word_1_332' title='bbox 672 3393 801 3456; x_wconf 79' lang='lat' dir='ltr'>egestus:</span> <span class='ocrx_word' id='word_1_333' title='bbox 822 3376 878 3452; x_wconf 78' lang='lat' dir='ltr'>qud</span> <span class='ocrx_word' id='word_1_334' title='bbox 894 3397 924 3436; x_wconf 84' lang='lat' dir='ltr'>re</span> <span class='ocrx_word' id='word_1_335' title='bbox 943 3391 1072 3453; x_wconf 86' lang='lat' dir='ltr'>verteret,</span> 
     </span>
     <span class='ocr_line' id='line_1_41' title="bbox 109 3456 1122 3526; baseline -0.004 -8"><span class='ocrx_word' id='word_1_336' title='bbox 109 3479 173 3518; x_wconf 93' lang='lat' dir='ltr'>non</span> <span class='ocrx_word' id='word_1_337' title='bbox 198 3458 331 3516; x_wconf 51' lang='lat' dir='ltr'>¹habebat</span> <span class='ocrx_word' id='word_1_338' title='bbox 348 3511 351 3516; x_wconf 86' lang='lat'>.</span> <span class='ocrx_word' id='word_1_339' title='bbox 371 3458 507 3516; x_wconf 89' lang='lat' dir='ltr'>Nondum</span> <span class='ocrx_word' id='word_1_340' title='bbox 527 3456 655 3515; x_wconf 70' lang='lat' dir='ltr'>citanti</span> <span class='ocrx_word' id='word_1_341' title='bbox 677 3478 693 3516; x_wconf 86' lang='lat' dir='ltr'>e</span> <span class='ocrx_word' id='word_1_342' title='bbox 714 3457 748 3514; x_wconf 90' lang='lat' dir='ltr'>L.</span> <span class='ocrx_word' id='word_1_343' title='bbox 773 3456 895 3526; x_wconf 82' lang='lat' dir='ltr'>Rubrio,</span> <span class='ocrx_word' id='word_1_344' title='bbox 917 3473 975 3512; x_wconf 89' lang='lat' dir='ltr'>non</span> <span class='ocrx_word' id='word_1_345' title='bbox 996 3475 1014 3514; x_wconf 86' lang='lat' dir='ltr'>e</span> <span class='ocrx_word' id='word_1_346' title='bbox 1036 3456 1070 3514; x_wconf 88' lang='lat' dir='ltr'>L.</span> <span class='ocrx_word' id='word_1_347' title='bbox 1086 3465 1122 3518; x_wconf 74' lang='lat' dir='ltr'>do</span> 
     </span>
     <span class='ocr_line' id='line_1_42' title="bbox 108 3531 1073 3606; baseline -0.006 -10"><span class='ocrx_word' id='word_1_348' title='bbox 108 3535 262 3606; x_wconf 86' lang='lat' dir='ltr'>Turselio,</span> <span class='ocrx_word' id='word_1_349' title='bbox 279 3535 430 3598; x_wconf 74' lang='lat' dir='ltr'>heredites</span> <span class='ocrx_word' id='word_1_350' title='bbox 452 3545 586 3594; x_wconf 83' lang='lat' dir='ltr'>venerat:</span> <span class='ocrx_word' id='word_1_351' title='bbox 606 3537 736 3595; x_wconf 68' lang='lat' dir='ltr'>noudum</span> <span class='ocrx_word' id='word_1_352' title='bbox 757 3535 787 3592; x_wconf 90' lang='lat' dir='ltr'>iu</span> <span class='ocrx_word' id='word_1_353' title='bbox 808 3532 863 3590; x_wconf 88' lang='lat' dir='ltr'>Cn.</span> <span class='ocrx_word' id='word_1_354' title='bbox 886 3531 1013 3606; x_wconf 83' lang='lat' dir='ltr'>Pompeii</span> <span class='ocrx_word' id='word_1_355' title='bbox 1034 3533 1073 3590; x_wconf 93' lang='lat' dir='ltr'>lo·</span> 
     </span>
     <span class='ocr_line' id='line_1_43' title="bbox 106 3609 1072 3688; baseline -0.009 -15"><span class='ocrx_word' id='word_1_356' title='bbox 106 3635 190 3686; x_wconf 85' lang='lat' dir='ltr'>cum,</span> <span class='ocrx_word' id='word_1_357' title='bbox 212 3612 418 3688; x_wconf 86' lang='lat' dir='ltr'>multorumque</span> <span class='ocrx_word' id='word_1_358' title='bbox 438 3614 566 3681; x_wconf 85' lang='lat' dir='ltr'>eliorum,</span> <span class='ocrx_word' id='word_1_359' title='bbox 580 3612 629 3684; x_wconf 91' lang='lat' dir='ltr'>qui</span> <span class='ocrx_word' id='word_1_360' title='bbox 651 3613 778 3682; x_wconf 83' lang='lat' dir='ltr'>uberent,</span> <span class='ocrx_word' id='word_1_361' title='bbox 799 3609 964 3684; x_wconf 85' lang='lat' dir='ltr'>repentinus</span> <span class='ocrx_word' id='word_1_362' title='bbox 982 3609 1072 3666; x_wconf 80' lang='lat' dir='ltr'>heres</span> 
     </span>
     <span class='ocr_line' id='line_1_44' title="bbox 103 3685 1071 3760; baseline -0.019 -8"><span class='ocrx_word' id='word_1_363' title='bbox 103 3700 299 3760; x_wconf 73' lang='lat' dir='ltr'>successerat</span> <span class='ocrx_word' id='word_1_364' title='bbox 340 3690 408 3750; x_wconf 84' lang='lat' dir='ltr'>Erat</span> <span class='ocrx_word' id='word_1_365' title='bbox 428 3692 457 3749; x_wconf 87' lang='lat' dir='ltr'>ei</span> <span class='ocrx_word' id='word_1_366' title='bbox 479 3688 633 3747; x_wconf 84' lang='lat' dir='ltr'>vivendum</span> <span class='ocrx_word' id='word_1_367' title='bbox 655 3687 796 3744; x_wconf 76' lang='lat' dir='ltr'>latronum</span> <span class='ocrx_word' id='word_1_368' title='bbox 818 3685 885 3758; x_wconf 86' lang='lat' dir='ltr'>ritu,</span> <span class='ocrx_word' id='word_1_369' title='bbox 907 3695 940 3742; x_wconf 89' lang='lat' dir='ltr'>ut</span> <span class='ocrx_word' id='word_1_370' title='bbox 961 3694 1071 3739; x_wconf 82' lang='lat' dir='ltr'>tentum</span> 
     </span>
    </p>
   </div>
   <div class='ocr_carea' id='block_1_3' title="bbox 104 3764 662 3903">
    <p class='ocr_par' dir='ltr' id='par_1_6' title="bbox 104 3764 662 3903">
     <span class='ocr_line' id='line_1_45' title="bbox 104 3764 662 3903; baseline -0.023 -74"><span class='ocrx_word' id='word_1_371' title='bbox 104 3772 238 3842; x_wconf 86' lang='lat' dir='ltr'>heberet,</span> <span class='ocrx_word' id='word_1_372' title='bbox 253 3777 390 3903; x_wconf 59' lang='lat' dir='ltr'>qnenttpp</span> <span class='ocrx_word' id='word_1_373' title='bbox 404 3785 504 3844; x_wconf 85' lang='lat' dir='ltr'>rapere</span> <span class='ocrx_word' id='word_1_374' title='bbox 517 3764 662 3840; x_wconf 87' lang='lat' dir='ltr'>potuisset.</span> 
     </span>
    </p>
   </div>
   <div class='ocr_carea' id='block_1_4' title="bbox 0 0 1262 4204">
    <p class='ocr_par' dir='ltr' id='par_1_7' title="bbox 0 0 1262 4204">
     <span class='ocr_line' id='line_1_46' title="bbox 0 0 1262 4204; baseline 0 0"><span class='ocrx_word' id='word_1_375' title='bbox 0 0 1262 4204; x_wconf 95' lang='lat' dir='ltr'> </span> 
     </span>
    </p>
   </div>
  </div>
 </body>
</html>
