2542 4212
148 310 188 370 ω
408 307 542 356 ORATIO
559 305 628 356 PRO
644 304 741 356 REGE
758 304 952 356 DEIOTARO.

201 454 380 511 vehementer
392 449 530 518 offensos3
550 449 648 524 plaudi
661 448 713 506 tibi
727 467 784 505 non
793 447 897 504 solere.
932 445 1002 504 Non
1013 443 1143 520 intelligis,

200 530 306 600 Caesar,
320 547 356 584 ex
369 527 485 584 urbanis
498 526 697 583 malevolorum
706 525 892 582 sermunculis
902 525 965 580 haec
977 524 1013 579 ab
1024 518 1081 579 istis
1090 539 1143 577 esse

198 605 335 664 collectal
375 603 533 660 Blesamius
553 613 704 678 tyrannum
723 603 865 659 Caesarem
884 597 1040 658 scriberetl
1060 599 1146 656 multo·
1235 601 1236 608 ’

198 701 262 740 rum
275 683 353 740 enim
366 681 471 738 civium
486 681 578 756 capita
592 681 716 748 viderat;
737 680 839 736 multos
849 679 929 753 jussu
943 678 1065 734 Caesaris
1077 693 1147 732 vexa
1235 733 1236 746 ,

165 763 183 816 5
199 771 252 832 tos,
265 761 433 830 verberatos,
454 758 710 826 necatos;·multas
731 757 848 814 afflictas
863 767 892 812 et
912 773 1026 813 eversas
1044 755 1145 817 domos
1235 751 1236 764 ¹

200 838 313 894 armatis
327 836 462 892 militibus
472 835 605 890 refertum
617 834 717 891 forum.
757 833 833 894 Quae
845 852 955 908 semper
970 833 1001 888 in
1013 831 1087 888 civili
1100 829 1149 884 vic

125 927 132 987 j
199 913 272 970 toria
285 911 435 979 sensimus,
449 929 493 980 ea,
506 921 534 965 te
549 911 665 980 victore,
679 929 737 966 non
752 911 882 966 vidimus,

124 999 131 1030 ¹
238 988 331 1058 Solus,
351 987 475 1060 inquam,
498 1005 538 1056 es,
552 985 606 1042 cai
620 986 727 1056 Caesar,
741 986 823 1060 cujus
838 987 868 1042 in
883 987 1004 1045 victorii
1025 983 1150 1043 ceciderit

198 1083 293 1136 nemo,
314 1063 371 1120 nisi
385 1073 515 1118 armatus.
555 1063 602 1133 Et,
616 1081 700 1136 quem
714 1081 765 1120 nos
783 1063 876 1134 liberi,
890 1065 921 1120 in
935 1064 1052 1121 summi
1064 1059 1150 1138 populi

150 1145 184 1198 10
200 1140 324 1200 Romani
345 1141 472 1198 libertate
486 1140 556 1211 nati,
575 1157 632 1196 non
648 1137 732 1196 modb
753 1159 811 1212 non
825 1150 991 1214 tyrannum,
1010 1139 1151 1198 sedetiam

199 1215 449 1274 clementissimum
469 1216 498 1271 in
513 1216 640 1286 victorii,
654 1217 802 1284 ducimus3
825 1219 849 1273 is
863 1217 1019 1291 Blesamio,
1033 1218 1080 1292 qui
1094 1214 1152 1271 vivit

197 1294 227 1350 in
241 1311 340 1368 regno,
353 1293 489 1366 tyrannus
502 1292 590 1348 videri
604 1295 713 1370 potasti
753 1293 830 1350 Nam
844 1295 880 1350 de
895 1296 988 1352 staturi
1009 1297 1074 1370 quis
1094 1310 1154 1368 que·

197 1370 277 1440 ritur,
298 1369 357 1426 unzi
370 1369 535 1443 presertim,
549 1366 616 1425 cbm
634 1380 691 1426 tam
705 1371 806 1426 multas
819 1371 933 1428 videatl
973 1370 1069 1430 Valde
1083 1369 1153 1428 enim

198 1445 382 1503 invidendum
402 1456 446 1502 est
467 1445 528 1520 ejus
549 1447 658 1518 statuis,
680 1447 762 1522 cujus
783 1449 894 1522 tropaeis
914 1468 975 1504 non
989 1451 1153 1504 inridemus.

149 1527 183 1580 15
200 1523 288 1596 Nam,
309 1524 334 1580 si
347 1524 428 1581 locus
448 1523 529 1580 affert
541 1523 687 1596 invidiam,
706 1525 801 1582 nullus
814 1525 892 1581 locus
913 1535 965 1596 est,
980 1526 1016 1581 ad
1039 1523 1154 1580 statum
1235 1565 1236 1608 ,

199 1602 323 1676 quidem,
338 1601 450 1658 Rostris
463 1600 571 1656 clarior.
606 1600 651 1656 De
661 1603 761 1675 plausu
772 1613 865 1658 autem
875 1602 942 1673 quid
953 1596 1156 1673 remondearul

199 1679 247 1750 qui
261 1690 315 1734 nec
329 1678 504 1733 desideratus
518 1695 641 1748 unquam
656 1695 672 1730 a
685 1687 713 1732 te
726 1687 778 1745 est,
792 1686 820 1730 et
834 1693 1050 1747 nonnunquam,
1063 1677 1158 1730 obstu·
1235 1679 1236 1710 ἵ

197 1753 315 1828 pefactis
334 1753 504 1822 hominibus,
518 1751 578 1826 ipsi
594 1751 777 1808 admiratione
791 1769 966 1825 compressus
979 1761 1041 1819 est3
1061 1760 1092 1806 et
1105 1750 1158 1806 sor·

198 1841 272 1888 tasse
286 1826 321 1889 eb
341 1828 554 1906 pretermissus,
576 1828 643 1902 quia
662 1828 736 1885 nihil
748 1827 862 1902 vulgare
883 1837 911 1884 te
926 1828 1045 1903 dignum
1068 1826 1156 1884 videri
1235 1835 1236 1886 l

148 1908 184 1963 20
235 1921 298 1968 test.
1028 1939 1031 1944 ·
1235 1945 1236 1952 κ

198 1929 323 2042 ΡΟΧΙΙΙ.
349 1987 461 2043 Nihil-a
481 2004 528 2041 me
542 1986 660 2042 arbitror
680 1985 908 2058 pretermissum,
929 1985 980 2040 sed
1001 1985 1107 2060 aliquid
1121 1981 1154 2039 ad
1235 2009 1236 2054 i

197 2071 351 2117 extremam
371 2079 465 2116 causae
477 2070 584 2134 partem
606 2071 786 2116 reservatum.
827 2060 862 2116 Id
877 2072 970 2118 autem
985 2062 1091 2137 aliquid
1105 2069 1154 2128 est,
1235 2067 1236 2084 ¹

196 2147 225 2194 te
239 2147 270 2193 ut
281 2133 366 2213 plania
380 2136 514 2194 Deiotaro
533 2137 697 2194 reconciliet
711 2137 799 2194 oratio
812 2157 884 2194 mea.
925 2137 993 2196 Non
1008 2141 1087 2196 enim
1099 2139 1154 2214 jam

197 2224 301 2287 metuo,
316 2226 398 2272 netu
413 2214 453 2272 illi
467 2233 655 2272 succenseas:
677 2215 746 2272 illud
759 2234 868 2286 vereor,
880 2235 917 2272 ne
930 2216 982 2272 tibi
1002 2217 1082 2273 illum
1097 2231 1155 2272 suc·-

147 2282 184 2338 25
198 2311 315 2350 censere
325 2293 429 2366 aliquid
441 2293 600 2366 suspicere:
618 2293 693 2365 quod
705 2294 784 2350 abest
794 2291 970 2367 longissimi,
980 2295 1052 2352 mihi
1062 2293 1154 2359 crede,

198 2369 302 2424 Cesar.
346 2368 428 2426 Quid
452 2369 528 2424 enirn
556 2369 676 2424 retineat
698 2387 750 2440 per
775 2379 815 2436 te,
840 2371 978 2438 meminit,
1002 2389 1062 2428 nou
1090 2368 1156 2444 quid

197 2440 339 2500 amiserit:
358 2461 450 2516 neque
472 2461 502 2498 se
517 2462 534 2498 a
548 2453 577 2498 te
591 2443 737 2498 multatum
758 2443 926 2511 arbitratur3
946 2445 1012 2514 sed,
1027 2445 1096 2504 enm
1111 2465 1157 2502 ex·

197 2521 343 2592 istimaret,
363 2519 458 2577 multis
478 2519 530 2576 tibi
550 2519 639 2576 multa
659 2539 723 2576 esse
734 2520 895 2592 tribuenda,
914 2521 1096 2594 quominusa
1116 2541 1156 2591 se,

197 2599 244 2672 qui
259 2598 289 2655 in
303 2597 389 2656 alteria
403 2607 480 2674 parte
495 2597 603 2670 fuisset,
617 2616 651 2654 ea
670 2616 805 2669 sumeres,
825 2617 882 2655 non
903 2599 1050 2656 recusavit.
1093 2599 1157 2656 Ete-
1235 2663 1236 2670 ἵ

148 2677 183 2732 30
197 2677 269 2749 nim,
282 2677 305 2734 si
320 2677 481 2735 Antiochus
492 2673 616 2750 Magnus
631 2676 689 2748 ille,
702 2695 753 2733 rex
768 2677 857 2748 Asiae,
871 2673 950 2747 oiim,
961 2688 1057 2751 postea
1070 2675 1154 2751 quam

198 2774 216 2811 a
229 2755 363 2829 Scipione
385 2755 521 2822 devictus,
535 2754 632 2808 Tauro
646 2765 729 2808 tenus
747 2773 867 2824 regnare
885 2755 982 2826 jussus
1000 2765 1085 2825 esset,
1099 2772 1157 2812 om-

198 2847 320 2900 nemque
334 2830 408 2882 hanc
422 2829 608 2896 Asiamque
622 2837 666 2880 est
680 2845 757 2880 nunc
771 2838 866 2881 nostra
878 2830 1035 2898 provincia,
1048 2831 1158 2888 amisis·

197 2914 250 2970 set,
263 2903 358 2955 dicere
379 2910 422 2954 est
441 2899 551 2966 solitus,
572 2897 701 2970 Benigne
723 2899 778 2952 sibi
792 2917 809 2953 a
821 2901 925 2972 populo
938 2900 1072 2958 Romano
1092 2925 1158 2963 esse

197 2977 313 3046 factum,
331 2970 417 3049 qubd,
438 2973 523 3030 nimis
536 2972 639 3048 magni
657 2973 851 3048 procuratione
872 2975 1015 3046 liberatus,
1036 2981 1161 3038 modicis

147 3055 182 3108 35
196 3054 277 3128 regni
298 3052 425 3110 terminis
445 3061 587 3118 uteretur;
606 3061 698 3124 potest
718 3046 806 3106 multo
821 3047 932 3108 facilius
953 3071 984 3110 se
1004 3052 1157 3114 Deiotarus

196 3130 343 3189 consolari.
384 3129 435 3182 Ille
450 3128 527 3182 enim
543 3127 643 3183 luroris
657 3127 773 3182 multam
787 3128 967 3200 sustinuerat,
983 3131 1031 3188 hic
1045 3136 1155 3193 erroris.

197 3207 304 3266 Omnia
323 3214 354 3258 tu
369 3201 511 3271 Deiotaro,
534 3201 640 3272 Cesar,
653 3203 786 3273 tribuisti,
806 3201 873 3260 crim
887 3215 916 3261 et
930 3207 983 3281 ipsi
994 3219 1024 3266 et
1036 3209 1094 3270 filio
1108 3231 1155 3271 no·
1235 3211 1236 3220 ’

196 3300 263 3340 men
278 3279 387 3354 regium
401 3277 575 3336 concessisti.
616 3278 682 3336 Hoc
696 3279 811 3338 nomine
825 3292 934 3340 retento
947 3295 1030 3360 atque
1044 3307 1155 3348 conser-

195 3368 271 3429 vato,
292 3357 401 3416 nullum
425 3355 594 3414 beneficium
615 3357 710 3432 populi
732 3356 869 3432 Romani,
889 3361 998 3420 nullum
1016 3364 1154 3438 judicium

147 3437 182 3492 to
197 3435 233 3492 de
247 3454 277 3492 se
298 3435 424 3508 senatis,
444 3435 624 3494 imminutum
645 3445 733 3510 putat.
775 3434 883 3513 Magno
903 3441 1040 3498 animost
1059 3454 1154 3502 erecto

197 3523 256 3582 est3
277 3531 468 3586 necunquam
483 3513 648 3570 succumbet
663 3513 798 3585 inimicis,
811 3535 848 3572 ne
863 3517 979 3574 fortune
992 3519 1114 3591 quidem.

238 3589 329 3647 Multa
345 3608 375 3646 se
398 3591 545 3647 arbitratur
559 3600 587 3646 et
607 3593 750 3665 peperisse
772 3593 928 3662 antefactis,
950 3603 979 3652 et
1000 3596 1102 3654 habere
1123 3595 1153 3651 in

199 3667 293 3726 animo
307 3675 388 3736 atque
402 3665 512 3735 virtute,
533 3685 594 3738 quae
609 3668 687 3724 nullo
700 3668 783 3724 modo
801 3668 888 3742 possit
901 3669 1037 3728 amittere.
1077 3673 1153 3732 Qun

199 3744 274 3802 enim
297 3741 417 3812 fortuna,
438 3749 485 3797 aut
498 3741 560 3814 quis
581 3762 675 3814 casus,
696 3754 744 3802 aut
756 3761 819 3818 qun
838 3753 917 3812 tanta
936 3747 1024 3822 possit
1041 3747 1153 3824 injuria,
1235 3749 1236 3822 ζ
