2542 4212
360 311 606 362 oRtt'lolv.1N
624 311 654 360 a.
672 311 881 366 ctmtrrtsnt.
1017 390 1047 435 s
1111 315 1149 378 tl

134 463 267 527 quaestus,
281 453 401 512 occlusis
414 454 550 529 tabernis,
564 453 656 510 minui
670 453 749 526 solet,
762 453 830 529 quid
843 453 958 512 tandem
971 432 1100 514 iucbnsis

135 531 264 587 futurum
278 533 341 587 estl

174 607 250 666 Quae
264 605 330 664 cirm
345 609 385 666 ita
398 609 465 680 sint,
478 608 578 664 Patres
588 600 852 684 Conscripti,'vobis
864 609 960 683 populi
970 607 1098 668 Romani

134 685 265 759 praesidia
278 705 338 742 non
349 687 470 742 desunt:
493 703 542 741 vos
551 703 589 741 ne
599 686 702 760 populo
714 685 846 743 Romano
856 687 954 744 deesse
964 685 1098 744 videami-

134 763 174 832 ni,
187 763 340 836 providete.
1131 775 1149 826 5
1197 777 1231 831 ῃ

173 839 227 896 ΙΧ.
269 839 393 895 Habetis
405 839 551 896 consdem
569 859 604 896 ex
623 838 752 914 plurimis
772 838 907 914 periculis
927 849 956 895 et
976 838 1097 910 insidiis,
1182 835 1209 897 ri

134 927 218 988 atque
233 934 270 971 cx
286 916 383 971 medii
397 927 493 986 morte,
508 935 563 972 non
585 917 620 972 ad
642 917 726 972 vitam
748 933 837 987 suam,
852 917 901 972 sed
922 917 957 972 ad
978 915 1098 972 salutern

135 1003 267 1063 vestram,
282 1003 468 1048 reservatum:
489 1012 587 1049 omnes
600 993 724 1062 ordines,
738 993 774 1048 ad
788 993 1011 1050 conservandam
1025 1011 1098 1050 rem·

133 1069 286 1144 publicam,
299 1080 401 1140 mente,
412 1069 562 1140 voluntate,
574 1070 676 1139 studio,
687 1070 800 1139 virtute,
810 1088 890 1140 voce,
899 1070 1096 1128 consentiunt:

132 1147 249 1202 obsessa
269 1146 378 1202 facibus
398 1157 427 1203 et
447 1147 511 1203 telis
531 1147 625 1220 impiae
646 1147 861 1222 conjurationis,
877 1143 1096 1220 vobis·supplex
1114 1157 1147 1210 10

131 1242 234 1279 manus
243 1225 334 1280 tendit
343 1225 433 1299 patria
443 1225 604 1281 communis
614 1243 620 1282 :
643 1225 721 1280 vobis
732 1243 772 1294 se,
784 1223 862 1280 vobis
872 1224 957 1282 vitam
967 1223 1096 1280 omnium

131 1301 247 1372 civium,
274 1301 353 1357 vobis
378 1310 481 1358 arcem·
497 1312 527 1358 et
550 1301 733 1376 Capitolium,
748 1301 826 1358 vobis
849 1320 911 1358 aras
934 1300 1094 1372 Penatium,

130 1379 212 1434 vobis
226 1379 306 1434 illum
320 1379 417 1453 ignem
437 1379 533 1436 Vestae
546 1389 714 1454 perpetuum
736 1397 769 1435 ac
789 1379 1001 1452 sempiternum,
1016 1377 1096 1436 vobis

129 1456 227 1511 omnia
249 1457 353 1530 templa
379 1456 504 1512 Deorum
532 1465 615 1530 atquc
643 1456 769 1526 delubra,
788 1457 867 1512 vobis
893 1473 988 1512 muros
1011 1465 1095 1528 atque
1194 1463 1202 1476 ·

131 1532 213 1587 urbis
226 1543 312 1601 tecta,
325 1533 513 1590 commendat
547 1532 688 1588 Praeterea
701 1534 737 1587 de
750 1532 842 1588 vestri
863 1531 928 1601 vita,
943 1533 979 1588 de
1000 1531 1096 1604 conju·
1113 1541 1146 1594 15

129 1623 202 1684 gum
224 1619 376 1665 vestrarum
391 1627 425 1668 ac
438 1608 590 1665 liberorum
604 1609 709 1678 animai,
723 1609 759 1664 de
774 1609 892 1666 fortunis
905 1607 1042 1678 omnium,
1059 1607 1095 1664 dc

129 1686 258 1756 sedibus,
273 1686 309 1742 de
324 1686 393 1743 focis
408 1687 516 1758 vestris,
530 1687 667 1743 hodierno
681 1687 729 1744 die
743 1687 821 1743 vobis
831 1685 1019 1761 judicandum
1039 1695 1092 1742 est

170 1763 291 1820 Habetis
312 1765 424 1834 ducem,
444 1782 597 1821 memorem
617 1765 712 1834 vestri,
733 1764 851 1821 oblitum
873 1763 932 1832 sui;
954 1781 1016 1836 que
1036 1781 1094 1820 uon

131 1857 244 1912 semper
265 1840 383 1894 facultas
403 1841 500 1894 datur:
521 1841 631 1895 habetis
644 1857 744 1896 ornnes
755 1841 879 1908 ordines,
893 1859 992 1894 omnes
1006 1839 1096 1895 bomi-

129 1935 194 1986 nes,
207 1915 373 1970 universum
388 1914 521 1989 populum
536 1915 701 1972 Romanum
718 1913 772 1990 (id,
786 1916 859 1988 quod
874 1913 993 1970 incivili
1008 1915 1095 1972 causi
1109 1923 1145 1978 20

91 2031 95 2038 -
128 1993 267 2049 hodierno
278 1993 324 2048 die
333 1989 458 2066 primirm
471 1991 610 2068 ridemus)
626 2010 715 2048 unum
730 2003 812 2065 atque
826 1992 901 2048 idem
915 1991 1093 2050 sentientem.

71 2135 74 2140 ¹
128 2069 269 2145 Cogitate,
278 2070 390 2143 quantis
400 2069 544 2126 laboribus
554 2069 702 2126 fundatum
711 2070 869 2144 imperium,
878 2069 983 2143 quanti
992 2069 1093 2126 virtute

128 2147 281 2204 stabilitam
293 2141 461 2218 libertatem,
475 2148 581 2220 quantit
597 2146 722 2204 Deorum
737 2147 913 2221 benignitate
927 2157 1025 2202 auctas
1045 2166 1092 2203 cx·

128 2236 331 2300 aggeratasque
346 2225 482 2294 fortunas,
493 2243 551 2280 nna
565 2243 623 2280 nox
635 2221 710 2298 pene
725 2221 835 2279 delerit.
870 2221 904 2277 Id
918 2241 956 2278 ne
969 2241 1093 2295 unquam

126 2303 256 2377 posthac,
272 2320 327 2357 non
349 2299 433 2357 modi)
454 2301 567 2371 confici,
587 2302 636 2356 sed
657 2319 695 2356 no
716 2300 833 2373 cogitari
847 2299 961 2372 quidem
975 2299 1063 2372 possit
1076 2317 1093 2356 a
1106 2311 1142 2363 25

128 2379 250 2449 civibus,
266 2379 403 2435 hodierno
417 2378 464 2434 die
477 2379 680 2454 providendum
695 2388 746 2434 est,
787 2377 882 2452 Atque
896 2377 968 2446 baec,
982 2393 1040 2432 nou
1061 2387 1092 2433 ut

127 2475 186 2527 vos,
208 2457 256 2531 qui
280 2456 349 2512 mibi
377 2456 470 2514 studio
497 2453 571 2532 pene
595 2455 776 2530 praecurritis,
796 2453 959 2524 excitarem,
980 2453 1092 2510 locutus

127 2551 207 2600 suut;
229 2535 280 2589 sed
293 2544 325 2589 ut
337 2531 402 2590 mea
414 2552 476 2602 vox,
490 2553 551 2606 quta
566 2534 652 2590 debet
665 2552 727 2590 esse
742 2533 773 2589 in
786 2531 933 2607 republicti
947 2531 1090 2606 princeps,

127 2609 223 2666 officio
238 2609 336 2676 iuncta
349 2610 491 2664 consulari
505 2611 653 2666 videretur.

168 2677 329 2753 XfNuno,
344 2681 409 2738 ante
430 2681 516 2755 quim
537 2683 647 2757 [Patres
667 2685 843 2762 Conscripti]
865 2688 900 2742 ad
922 2688 1090 2744 sententiam
1104 2697 1140 2750 30

126 2765 224 2834 redeo,
235 2763 271 2818 de
285 2779 332 2818 me
345 2778 436 2834 pauca
449 2760 550 2816 dicam.
591 2759 663 2835 Ego,
674 2772 778 2835 quanta
793 2781 893 2819 manus
906 2775 949 2820 est
962 2765 1090 2840 conjura·

126 2852 230 2911 torum,
242 2857 326 2914 quarn
341 2837 440 2894 videtis
454 2837 521 2972 {sse
530 2857 721 2916 permagnam,
732 2851 839 2918 tantam
849 2860 895 2898 me
909 2842 1089 2899 inimicorum

126 2919 337 2977 multitudinem
351 2933 452 2991 suscep
479 2915 619 2973 sevideoi
641 2918 768 2974 sedeam
783 2937 847 2975 esse
858 2919 957 2993 judico
977 2931 1089 2994 turpem

125 3009 153 3055 et
169 2999 317 3066 infirmam,
331 2998 522 3068 contemptam
539 3005 568 3050 et
588 2994 734 3067 abjectam.
774 2993 864 3053 Qusd
884 2997 908 3050 si
929 2997 1088 3068 aliquando,

125 3076 245 3151 alicujus
259 3075 352 3142 furore
367 3083 396 3128 ct
408 3071 515 3126 scelere
530 3070 672 3136 concitata
685 3081 786 3126 manns
806 3071 860 3124 ista
878 3070 942 3142 plus
961 3071 1087 3144 valuerit,
1103 3084 1138 3137 35

124 3152 211 3228 quim
224 3159 315 3209 vestra
328 3169 362 3208 ac
377 3148 542 3224 reipublice
556 3144 695 3222 dignitas}
717 3165 762 3202 mc
776 3157 869 3202 tamen
887 3164 1013 3204 meorum
1034 3146 1090 3202 fac

125 3240 218 3286 torum
231 3241 314 3303 atque
329 3228 514 3286 dousiliorum
536 3237 691 3298 nunquam,
706 3223 802 3281 Patres
816 3224 988 3299 Conscripti,
1001 3224 1089 3298 poeni-

127 3305 206 3360 tebit.
245 3305 361 3365 Etenim
374 3323 459 3377 mors,
473 3323 558 3379 quam
573 3303 615 3362 illi
627 3303 697 3359 mihi
711 3302 829 3366 sortasse
842 3302 1017 3372 minitantur,
1031 3321 1089 3358 om·

127 3382 213 3438 nibus
227 3391 270 3434 est
281 3391 392 3452 parata:
413 3383 475 3438 vitae
490 3392 597 3438 tantam
611 3380 733 3451 laudem,
746 3380 852 3454 quanti
866 3397 913 3434 vos
926 3397 972 3434 me
990 3380 1089 3436 vestris

80 3515 83 3520 ,
127 3455 251 3516 decretis
265 3455 444 3525 honestastis,
457 3469 596 3518 nemoest
609 3468 762 3514 assecutus.
798 3455 917 3512 Caeteris
930 3455 1006 3511 enim
1017 3475 1088 3512 sern-
1102 3465 1137 3518 4ο

81 3523 92 3543 ⁸
125 3557 176 3612 per
191 3530 265 3592 bend
286 3543 383 3608 geste,
398 3533 467 3588 milri
481 3537 531 3590 uni
551 3545 732 3604 conservata,
746 3533 908 3607 reipublice
928 3533 1088 3607 gratulatio·

125 3634 193 3672 uem
207 3611 380 3668 decrevistis.

38 3750 49 3767 ,¹
166 3693 211 3748 Sit
226 3689 326 3764 Scipio
337 3687 439 3766 clarus,
449 3683 594 3764 ille,cujus
606 3687 724 3745 consilio
736 3697 819 3762 atque
829 3687 930 3742 virtute
942 3681 1087 3740 Hannibal

126 3769 157 3826 in
178 3767 307 3826 Africam
327 3765 429 3900 ῐθῖἰῐέ,
451 3775 539 3840 alque*
553 3783 590 3826 ex
609 3761 693 3821 Italit
717 3763 865 3832 decedere,
885 3770 1003 3817 coactus
1028 3761 1087 3846 ests
