<?xml version="1.0" encoding="UTF-8"?>
<!DOCTYPE html PUBLIC "-//W3C//DTD XHTML 1.0 Transitional//EN"
    "http://www.w3.org/TR/xhtml1/DTD/xhtml1-transitional.dtd">
<html xmlns="http://www.w3.org/1999/xhtml" xml:lang="en" lang="en">
 <head>
  <title>
</title>
<meta http-equiv="Content-Type" content="text/html;charset=utf-8" />
  <meta name='ocr-system' content='tesseract 3.04.00' />
  <meta name='ocr-capabilities' content='ocr_page ocr_carea ocr_par ocr_line ocrx_word'/>
</head>
<body>
  <div class='ocr_page' id='page_1' title='image "./orationesqudams00cicegoog/orationesqudams00cicegoog_0088.png"; bbox 0 0 2542 4212; ppageno 0'>
   <div class='ocr_carea' id='block_1_1' title="bbox 122 241 926 348">
    <p class='ocr_par' dir='ltr' id='par_1_1' title="bbox 122 241 926 348">
     <span class='ocr_line' id='line_1_1' title="bbox 122 241 926 348; baseline -0.01 -12"><span class='ocrx_word' id='word_1_1' title='bbox 122 287 163 348; x_wconf 73' lang='grc'><strong>84</strong></span> <span class='ocrx_word' id='word_1_2' title='bbox 383 285 519 335; x_wconf 77' lang='lat' dir='ltr'>ORATIO</span> <span class='ocrx_word' id='word_1_3' title='bbox 533 285 603 333; x_wconf 81' lang='lat' dir='ltr'><strong>PRO</strong></span> <span class='ocrx_word' id='word_1_4' title='bbox 618 241 716 333; x_wconf 73' lang='lat' dir='ltr'><strong>REGE</strong></span> <span class='ocrx_word' id='word_1_5' title='bbox 734 278 926 334; x_wconf 68' lang='lat' dir='ltr'><strong>DEIOTARO.</strong></span> 
     </span>
    </p>
   </div>
   <div class='ocr_carea' id='block_1_2' title="bbox 39 418 1140 3807">
    <p class='ocr_par' dir='ltr' id='par_1_2' title="bbox 39 418 1140 1644">
     <span class='ocr_line' id='line_1_2' title="bbox 172 418 1140 502; baseline -0.002 -18"><span class='ocrx_word' id='word_1_6' title='bbox 172 425 301 484; x_wconf 71' lang='lat' dir='ltr'><strong>ffixerm:</strong></span> <span class='ocrx_word' id='word_1_7' title='bbox 322 427 427 502; x_wconf 88' lang='lat' dir='ltr'><strong>ita-que</strong></span> <span class='ocrx_word' id='word_1_8' title='bbox 441 425 541 484; x_wconf 79' lang='lat' dir='ltr'><strong>fecisti.</strong></span> <span class='ocrx_word' id='word_1_9' title='bbox 583 425 691 483; x_wconf 85' lang='lat' dir='ltr'><strong>Horam</strong></span> <span class='ocrx_word' id='word_1_10' title='bbox 704 443 790 482; x_wconf 88' lang='lat' dir='ltr'><strong>unam</strong></span> <span class='ocrx_word' id='word_1_11' title='bbox 811 431 860 480; x_wconf 88' lang='lat' dir='ltr'><strong>aut</strong></span> <span class='ocrx_word' id='word_1_12' title='bbox 873 421 947 478; x_wconf 83' lang='lat' dir='ltr'><strong>duaa</strong></span> <span class='ocrx_word' id='word_1_13' title='bbox 958 421 1054 478; x_wconf 89' lang='lat' dir='ltr'><strong>eodem</strong></span> <span class='ocrx_word' id='word_1_14' title='bbox 1069 418 1140 482; x_wconf 84' lang='lat' dir='ltr'><strong>loco</strong></span> 
     </span>
     <span class='ocr_line' id='line_1_3' title="bbox 170 495 1138 576; baseline -0.003 -16"><span class='ocrx_word' id='word_1_15' title='bbox 170 513 301 574; x_wconf 84' lang='lat' dir='ltr'><strong>armatos,</strong></span> <span class='ocrx_word' id='word_1_16' title='bbox 316 513 349 560; x_wconf 84' lang='lat' dir='ltr'><strong>ut</strong></span> <span class='ocrx_word' id='word_1_17' title='bbox 369 504 499 561; x_wconf 88' lang='lat' dir='ltr'><strong>collocati</strong></span> <span class='ocrx_word' id='word_1_18' title='bbox 514 503 633 573; x_wconf 84' lang='lat' dir='ltr'><strong>firerant,</strong></span> <span class='ocrx_word' id='word_1_19' title='bbox 654 503 774 559; x_wconf 86' lang='lat' dir='ltr'><strong>retinere</strong></span> <span class='ocrx_word' id='word_1_20' title='bbox 788 511 923 576; x_wconf 77' lang='lat' dir='ltr'><strong>inagnum</strong></span> <span class='ocrx_word' id='word_1_21' title='bbox 942 497 1016 554; x_wconf 75' lang='lat' dir='ltr'><strong>fuist</strong></span> <span class='ocrx_word' id='word_1_22' title='bbox 1054 495 1138 557; x_wconf 80' lang='lat' dir='ltr'><strong>cum</strong></span> 
     </span>
     <span class='ocr_line' id='line_1_4' title="bbox 170 573 1137 654; baseline -0.004 -18"><span class='ocrx_word' id='word_1_23' title='bbox 170 580 200 636; x_wconf 91' lang='lat' dir='ltr'><strong>in</strong></span> <span class='ocrx_word' id='word_1_24' title='bbox 215 581 345 639; x_wconf 74' lang='lat' dir='ltr'><strong>convivio</strong></span> <span class='ocrx_word' id='word_1_25' title='bbox 358 581 476 638; x_wconf 87' lang='lat' dir='ltr'><strong>comiter</strong></span> <span class='ocrx_word' id='word_1_26' title='bbox 489 589 521 637; x_wconf 83' lang='lat' dir='ltr'><strong>et&#39;</strong></span> <span class='ocrx_word' id='word_1_27' title='bbox 528 576 660 654; x_wconf 72' lang='lat' dir='ltr'><strong>jucunde·</strong></span> <span class='ocrx_word' id='word_1_28' title='bbox 673 579 783 648; x_wconf 76' lang='lat' dir='ltr'><strong>fixisses,</strong></span> <span class='ocrx_word' id='word_1_29' title='bbox 797 588 857 634; x_wconf 92' lang='lat' dir='ltr'><strong>tum</strong></span> <span class='ocrx_word' id='word_1_30' title='bbox 876 575 943 632; x_wconf 90' lang='lat' dir='ltr'><strong>illuc</strong></span> <span class='ocrx_word' id='word_1_31' title='bbox 955 573 1015 646; x_wconf 89' lang='lat' dir='ltr'><strong>isti,</strong></span> <span class='ocrx_word' id='word_1_32' title='bbox 1028 585 1060 631; x_wconf 92' lang='lat' dir='ltr'><strong>ut</strong></span> <span class='ocrx_word' id='word_1_33' title='bbox 1073 574 1137 633; x_wconf 89' lang='lat' dir='ltr'><strong>dix-</strong></span> 
     </span>
     <span class='ocr_line' id='line_1_5' title="bbox 169 653 1135 729; baseline -0.003 -17"><span class='ocrx_word' id='word_1_34' title='bbox 169 675 241 713; x_wconf 84' lang='lat' dir='ltr'>eras.</span> <span class='ocrx_word' id='word_1_35' title='bbox 281 657 351 718; x_wconf 80' lang='lat' dir='ltr'><strong>Quo</strong></span> <span class='ocrx_word' id='word_1_36' title='bbox 364 658 394 714; x_wconf 92' lang='lat' dir='ltr'><strong>in</strong></span> <span class='ocrx_word' id='word_1_37' title='bbox 408 657 472 715; x_wconf 76' lang='lat' dir='ltr'><strong>loco</strong></span> <span class='ocrx_word' id='word_1_38' title='bbox 485 657 651 714; x_wconf 88' lang='lat' dir='ltr'><strong>Deiotarum</strong></span> <span class='ocrx_word' id='word_1_39' title='bbox 664 656 749 712; x_wconf 84' lang='lat' dir='ltr'><strong>talem</strong></span> <span class='ocrx_word' id='word_1_40' title='bbox 763 673 831 729; x_wconf 83' lang='lat' dir='ltr'><strong>erga</strong></span> <span class='ocrx_word' id='word_1_41' title='bbox 844 665 872 710; x_wconf 91' lang='lat' dir='ltr'><strong>te</strong></span> <span class='ocrx_word' id='word_1_42' title='bbox 886 653 1052 726; x_wconf 79' lang='lat' dir='ltr'>cognovisti,</span> <span class='ocrx_word' id='word_1_43' title='bbox 1066 671 1135 726; x_wconf 93' lang='lat' dir='ltr'><strong>qua-</strong></span> 
     </span>
     <span class='ocr_line' id='line_1_6' title="bbox 136 728 1134 804; baseline -0.009 -9"><span class='ocrx_word' id='word_1_44' title='bbox 136 744 154 795; x_wconf 87' lang='lat'><strong>5</strong></span> <span class='ocrx_word' id='word_1_45' title='bbox 170 733 205 790; x_wconf 93' lang='lat' dir='ltr'><strong>lis</strong></span> <span class='ocrx_word' id='word_1_46' title='bbox 226 749 276 790; x_wconf 86' lang='lat' dir='ltr'><strong>rex</strong></span> <span class='ocrx_word' id='word_1_47' title='bbox 289 734 402 791; x_wconf 82' lang='lat' dir='ltr'><strong>Attalus</strong></span> <span class='ocrx_word' id='word_1_48' title='bbox 419 735 448 790; x_wconf 92' lang='lat' dir='ltr'><strong>in</strong></span> <span class='ocrx_word' id='word_1_49' title='bbox 471 734 501 790; x_wconf 90' lang='lat' dir='ltr'><strong>P.</strong></span> <span class='ocrx_word' id='word_1_50' title='bbox 517 733 687 790; x_wconf 76' lang='lat' dir='ltr'><strong>Africanum</strong></span> <span class='ocrx_word' id='word_1_51' title='bbox 701 732 775 800; x_wconf 69' lang='lat' dir='ltr'><strong>suit,</strong></span> <span class='ocrx_word' id='word_1_52' title='bbox 792 729 839 787; x_wconf 87' lang='lat' dir='ltr'><strong>cui</strong></span> <span class='ocrx_word' id='word_1_53' title='bbox 851 728 1134 804; x_wconf 81' lang='lat' dir='ltr'><strong>magnificentissima</strong></span> 
     </span>
     <span class='ocr_line' id='line_1_7' title="bbox 170 806 1133 885; baseline -0.003 -18"><span class='ocrx_word' id='word_1_54' title='bbox 170 811 255 881; x_wconf 91' lang='lat' dir='ltr'><strong>dona,</strong></span> <span class='ocrx_word' id='word_1_55' title='bbox 276 821 308 867; x_wconf 88' lang='lat' dir='ltr'><strong>ut</strong></span> <span class='ocrx_word' id='word_1_56' title='bbox 320 812 456 884; x_wconf 91' lang='lat' dir='ltr'><strong>scriptum</strong></span> <span class='ocrx_word' id='word_1_57' title='bbox 476 811 606 885; x_wconf 84' lang='lat' dir='ltr'><strong>legimus,</strong></span> <span class='ocrx_word' id='word_1_58' title='bbox 627 827 716 883; x_wconf 92' lang='lat' dir='ltr'><strong>usque</strong></span> <span class='ocrx_word' id='word_1_59' title='bbox 737 810 772 866; x_wconf 89' lang='lat' dir='ltr'><strong>ad</strong></span> <span class='ocrx_word' id='word_1_60' title='bbox 793 807 977 864; x_wconf 78' lang='lat' dir='ltr'><strong>Numantiam</strong></span> <span class='ocrx_word' id='word_1_61' title='bbox 998 806 1076 862; x_wconf 87' lang='lat' dir='ltr'><strong>misit</strong></span> <span class='ocrx_word' id='word_1_62' title='bbox 1094 825 1133 864; x_wconf 87' lang='lat' dir='ltr'><strong>ex</strong></span> 
     </span>
     <span class='ocr_line' id='line_1_8' title="bbox 170 881 1131 960; baseline -0.002 -18"><span class='ocrx_word' id='word_1_63' title='bbox 170 885 258 952; x_wconf 75' lang='lat' dir='ltr'><strong>Asit3</strong></span> <span class='ocrx_word' id='word_1_64' title='bbox 279 903 341 958; x_wconf 79' lang='lat' dir='ltr'><strong>quae</strong></span> <span class='ocrx_word' id='word_1_65' title='bbox 355 886 519 955; x_wconf 84' lang='lat' dir='ltr'><strong>Africanus,</strong></span> <span class='ocrx_word' id='word_1_66' title='bbox 541 887 718 960; x_wconf 79' lang='lat' dir='ltr'><strong>inspectante</strong></span> <span class='ocrx_word' id='word_1_67' title='bbox 731 884 868 954; x_wconf 90' lang='lat' dir='ltr'><strong>exercitu,</strong></span> <span class='ocrx_word' id='word_1_68' title='bbox 882 883 999 957; x_wconf 86' lang='lat' dir='ltr'><strong>accepit.</strong></span> <span class='ocrx_word' id='word_1_69' title='bbox 1039 881 1131 942; x_wconf 81' lang='lat' dir='ltr'><strong>Quod</strong></span> 
     </span>
     <span class='ocr_line' id='line_1_9' title="bbox 168 958 1130 1036; baseline 0 -20"><span class='ocrx_word' id='word_1_70' title='bbox 168 958 235 1017; x_wconf 79' lang='lat' dir='ltr'><strong>cium</strong></span> <span class='ocrx_word' id='word_1_71' title='bbox 248 979 373 1034; x_wconf 74' lang='lat' dir='ltr'><strong>praesens</strong></span> <span class='ocrx_word' id='word_1_72' title='bbox 388 961 548 1031; x_wconf 77' lang='lat' dir='ltr'><strong>Deiotarus,</strong></span> <span class='ocrx_word' id='word_1_73' title='bbox 563 963 642 1036; x_wconf 83' lang='lat' dir='ltr'><strong>regio</strong></span> <span class='ocrx_word' id='word_1_74' title='bbox 655 971 684 1018; x_wconf 88' lang='lat' dir='ltr'><strong>et</strong></span> <span class='ocrx_word' id='word_1_75' title='bbox 699 962 794 1018; x_wconf 90' lang='lat' dir='ltr'><strong>animo</strong></span> <span class='ocrx_word' id='word_1_76' title='bbox 808 971 837 1017; x_wconf 89' lang='lat' dir='ltr'><strong>et</strong></span> <span class='ocrx_word' id='word_1_77' title='bbox 849 959 1077 1032; x_wconf 86' lang='lat' dir='ltr'><strong>more,&#39;fecisset;</strong></span> <span class='ocrx_word' id='word_1_78' title='bbox 1099 969 1130 1016; x_wconf 89' lang='lat' dir='ltr'><strong>tu</strong></span> 
     </span>
     <span class='ocr_line' id='line_1_10' title="bbox 49 1031 555 1107; baseline 0.002 -15"><span class='ocrx_word' id='word_1_79' title='bbox 49 1055 54 1062; x_wconf 93' lang='lat'><em>·</em></span> <span class='ocrx_word' id='word_1_80' title='bbox 71 1042 77 1058; x_wconf 87' lang='lat'>‘</span> <span class='ocrx_word' id='word_1_81' title='bbox 158 1031 199 1093; x_wconf 87' lang='lat' dir='ltr'><strong>&#39;iu</strong></span> <span class='ocrx_word' id='word_1_82' title='bbox 212 1037 555 1107; x_wconf 87' lang='lat' dir='ltr'><strong>cubiculum-discessisti.</strong></span> 
     </span>
     <span class='ocr_line' id='line_1_11' title="bbox 103 1112 1130 1191; baseline -0.001 -21"><span class='ocrx_word' id='word_1_83' title='bbox 103 1113 152 1166; x_wconf 72' lang='lat' dir='ltr'><strong>v10</strong></span> <span class='ocrx_word' id='word_1_84' title='bbox 207 1112 343 1186; x_wconf 88' lang='lat' dir='ltr'><strong>Obsecro,</strong></span> <span class='ocrx_word' id='word_1_85' title='bbox 365 1115 470 1186; x_wconf 70' lang='lat' dir='ltr'><strong>cosas,</strong></span> <span class='ocrx_word' id='word_1_86' title='bbox 492 1125 587 1190; x_wconf 84' lang='lat' dir='ltr'><strong>repete</strong></span> <span class='ocrx_word' id='word_1_87' title='bbox 608 1115 741 1191; x_wconf 87' lang='lat' dir='ltr'><strong>temporis</strong></span> <span class='ocrx_word' id='word_1_88' title='bbox 761 1114 836 1171; x_wconf 89' lang='lat' dir='ltr'><strong>illius</strong></span> <span class='ocrx_word' id='word_1_89' title='bbox 856 1113 1035 1170; x_wconf 84' lang='lat' dir='ltr'><strong>memoriam:</strong></span> <span class='ocrx_word' id='word_1_90' title='bbox 1056 1131 1130 1190; x_wconf 92' lang='lat' dir='ltr'><strong>pone</strong></span> 
     </span>
     <span class='ocr_line' id='line_1_12' title="bbox 110 1189 1132 1262; baseline 0.001 -17"><span class='ocrx_word' id='word_1_91' title='bbox 110 1233 115 1262; x_wconf 89' lang='lat'><strong>·.</strong></span> <span class='ocrx_word' id='word_1_92' title='bbox 168 1189 247 1245; x_wconf 91' lang='lat' dir='ltr'><strong>illum</strong></span> <span class='ocrx_word' id='word_1_93' title='bbox 268 1202 333 1247; x_wconf 87' lang='lat' dir='ltr'><strong>ante</strong></span> <span class='ocrx_word' id='word_1_94' title='bbox 346 1191 444 1248; x_wconf 90' lang='lat' dir='ltr'><strong>oculos</strong></span> <span class='ocrx_word' id='word_1_95' title='bbox 464 1192 557 1247; x_wconf 91' lang='lat' dir='ltr'><strong>diem:</strong></span> <span class='ocrx_word' id='word_1_96' title='bbox 577 1193 672 1248; x_wconf 83' lang='lat' dir='ltr'><strong>vultus</strong></span> <span class='ocrx_word' id='word_1_97' title='bbox 691 1191 840 1249; x_wconf 91' lang='lat' dir='ltr'><strong>hominum</strong></span> <span class='ocrx_word' id='word_1_98' title='bbox 860 1199 889 1248; x_wconf 88' lang='lat' dir='ltr'><strong>te</strong></span> <span class='ocrx_word' id='word_1_99' title='bbox 903 1190 1075 1248; x_wconf 88' lang='lat' dir='ltr'><strong>intuentium</strong></span> <span class='ocrx_word' id='word_1_100' title='bbox 1089 1201 1132 1247; x_wconf 90' lang='lat' dir='ltr'><strong>at·</strong></span> 
     </span>
     <span class='ocr_line' id='line_1_13' title="bbox 114 1265 1131 1342; baseline 0.001 -21"><span class='ocrx_word' id='word_1_101' title='bbox 114 1265 117 1270; x_wconf 83' lang='lat'>&#39;</span> <span class='ocrx_word' id='word_1_102' title='bbox 167 1283 221 1338; x_wconf 90' lang='lat' dir='ltr'><strong>que</strong></span> <span class='ocrx_word' id='word_1_103' title='bbox 234 1267 433 1323; x_wconf 84' lang='lat' dir='ltr'><strong>admirantium</strong></span> <span class='ocrx_word' id='word_1_104' title='bbox 446 1269 603 1325; x_wconf 87' lang='lat' dir='ltr'><strong>recordare.</strong></span> <span class='ocrx_word' id='word_1_105' title='bbox 645 1268 725 1324; x_wconf 90' lang='lat' dir='ltr'><strong>Num</strong></span> <span class='ocrx_word' id='word_1_106' title='bbox 739 1287 800 1342; x_wconf 79' lang='lat' dir='ltr'><strong>quae</strong></span> <span class='ocrx_word' id='word_1_107' title='bbox 811 1267 981 1341; x_wconf 87' lang='lat' dir='ltr'><strong>trepidatiol</strong></span> <span class='ocrx_word' id='word_1_108' title='bbox 999 1267 1131 1342; x_wconf 90' lang='lat' dir='ltr'><strong>numqui</strong></span> 
     </span>
     <span class='ocr_line' id='line_1_14' title="bbox 165 1342 1133 1418; baseline 0.003 -21"><span class='ocrx_word' id='word_1_109' title='bbox 165 1342 324 1399; x_wconf 86' lang='lat' dir='ltr'><strong>tumultusl</strong></span> <span class='ocrx_word' id='word_1_110' title='bbox 344 1361 414 1399; x_wconf 91' lang='lat' dir='ltr'><strong>num</strong></span> <span class='ocrx_word' id='word_1_111' title='bbox 433 1345 520 1418; x_wconf 80' lang='lat' dir='ltr'><strong>quid„</strong></span> <span class='ocrx_word' id='word_1_112' title='bbox 534 1345 590 1400; x_wconf 92' lang='lat' dir='ltr'><strong>nisi</strong></span> <span class='ocrx_word' id='word_1_113' title='bbox 604 1342 759 1416; x_wconf 72' lang='lat' dir='ltr'><strong>moderate,</strong></span> <span class='ocrx_word' id='word_1_114' title='bbox 773 1344 828 1401; x_wconf 91' lang='lat' dir='ltr'><strong>nisi</strong></span> <span class='ocrx_word' id='word_1_115' title='bbox 842 1342 949 1418; x_wconf 69' lang='lat' dir='ltr'><strong>quiete,</strong></span> <span class='ocrx_word' id='word_1_116' title='bbox 963 1345 1019 1400; x_wconf 92' lang='lat' dir='ltr'><strong>nisi</strong></span> <span class='ocrx_word' id='word_1_117' title='bbox 1034 1361 1069 1400; x_wconf 87' lang='lat' dir='ltr'><strong>ex</strong></span> <span class='ocrx_word' id='word_1_118' title='bbox 1082 1344 1133 1400; x_wconf 91' lang='lat' dir='ltr'><strong>ho·</strong></span> 
     </span>
     <span class='ocr_line' id='line_1_15' title="bbox 39 1419 1132 1497; baseline 0.002 -23"><span class='ocrx_word' id='word_1_119' title='bbox 39 1481 43 1490; x_wconf 31' lang='lat'>¹</span> <span class='ocrx_word' id='word_1_120' title='bbox 166 1419 253 1476; x_wconf 88' lang='lat' dir='ltr'><strong>tninis</strong></span> <span class='ocrx_word' id='word_1_121' title='bbox 278 1420 437 1494; x_wconf 84' lang='lat' dir='ltr'><strong>gravissimi</strong></span> <span class='ocrx_word' id='word_1_122' title='bbox 464 1431 493 1477; x_wconf 91' lang='lat' dir='ltr'><strong>et</strong></span> <span class='ocrx_word' id='word_1_123' title='bbox 519 1423 692 1479; x_wconf 74' lang='lat' dir='ltr'><strong>sanctissimi</strong></span> <span class='ocrx_word' id='word_1_124' title='bbox 720 1421 890 1497; x_wconf 70' lang='lat' dir='ltr'><strong>disciplina?</strong></span> <span class='ocrx_word' id='word_1_125' title='bbox 936 1420 1025 1481; x_wconf 80' lang='lat' dir='ltr'><strong>Quid</strong></span> <span class='ocrx_word' id='word_1_126' title='bbox 1045 1419 1132 1496; x_wconf 87' lang='lat' dir='ltr'><strong>igitur</strong></span> 
     </span>
     <span class='ocr_line' id='line_1_16' title="bbox 117 1497 1132 1573; baseline 0.004 -24"><span class='ocrx_word' id='word_1_127' title='bbox 117 1497 151 1549; x_wconf 88' lang='lat'><strong>15</strong></span> <span class='ocrx_word' id='word_1_128' title='bbox 160 1514 261 1554; x_wconf 60' lang='lat' dir='ltr'><strong>,causae</strong></span> <span class='ocrx_word' id='word_1_129' title='bbox 275 1497 428 1572; x_wconf 78' lang='lat' dir='ltr'><strong>excogitari</strong></span> <span class='ocrx_word' id='word_1_130' title='bbox 441 1507 542 1573; x_wconf 92' lang='lat' dir='ltr'><strong>potest,</strong></span> <span class='ocrx_word' id='word_1_131' title='bbox 557 1510 650 1566; x_wconf 87' lang='lat' dir='ltr'><strong>curte</strong></span> <span class='ocrx_word' id='word_1_132' title='bbox 664 1500 772 1556; x_wconf 90' lang='lat' dir='ltr'><strong>lautum</strong></span> <span class='ocrx_word' id='word_1_133' title='bbox 786 1497 914 1569; x_wconf 86' lang='lat' dir='ltr'><strong>voluerit,</strong></span> <span class='ocrx_word' id='word_1_134' title='bbox 924 1507 1068 1553; x_wconf 88' lang='lat' dir='ltr'><strong>coenatum</strong></span> <span class='ocrx_word' id='word_1_135' title='bbox 1081 1513 1132 1553; x_wconf 88' lang='lat' dir='ltr'><strong>no-</strong></span> 
     </span>
     <span class='ocr_line' id='line_1_17' title="bbox 167 1571 470 1644; baseline 0.01 -16"><span class='ocrx_word' id='word_1_136' title='bbox 167 1571 260 1644; x_wconf 91' lang='lat' dir='ltr'><strong>luerit,</strong></span> <span class='ocrx_word' id='word_1_137' title='bbox 273 1575 424 1631; x_wconf 78' lang='lat' dir='ltr'><strong>occideret</strong></span> <span class='ocrx_word' id='word_1_138' title='bbox 466 1635 470 1642; x_wconf 63' lang='grc'>,</span> 
     </span>
    </p>

    <p class='ocr_par' dir='ltr' id='par_1_3' title="bbox 167 1647 1134 1862">
     <span class='ocr_line' id='line_1_18' title="bbox 207 1647 1133 1726; baseline 0.004 -22"><span class='ocrx_word' id='word_1_139' title='bbox 207 1649 242 1704; x_wconf 92' lang='lat' dir='ltr'><strong>In</strong></span> <span class='ocrx_word' id='word_1_140' title='bbox 256 1649 399 1724; x_wconf 83' lang='lat' dir='ltr'><strong>posteru&#39;m</strong></span> <span class='ocrx_word' id='word_1_141' title='bbox 421 1649 550 1726; x_wconf 71' lang='lat' dir='ltr'><strong>(inquit)v</strong></span> <span class='ocrx_word' id='word_1_142' title='bbox 561 1653 637 1708; x_wconf 92' lang='lat' dir='ltr'><strong>diem</strong></span> <span class='ocrx_word' id='word_1_143' title='bbox 651 1653 777 1719; x_wconf 88' lang='lat' dir='ltr'><strong>distulit;</strong></span> <span class='ocrx_word' id='word_1_144' title='bbox 798 1647 919 1719; x_wconf 70' lang='lat' dir='ltr'><strong>urcium,</strong></span> <span class='ocrx_word' id='word_1_145' title='bbox 935 1651 1133 1708; x_wconf 86' lang='lat' dir='ltr'><strong>in&#39;castellum</strong></span> 
     </span>
     <span class='ocr_line' id='line_1_19' title="bbox 167 1723 1134 1803; baseline 0.004 -22"><span class='ocrx_word' id='word_1_146' title='bbox 167 1724 306 1794; x_wconf 87' lang='lat' dir='ltr'><strong>Luceium</strong></span> <span class='ocrx_word' id='word_1_147' title='bbox 327 1737 442 1784; x_wconf 88' lang='lat' dir='ltr'><strong>ventum</strong></span> <span class='ocrx_word' id='word_1_148' title='bbox 462 1737 545 1799; x_wconf 88' lang='lat' dir='ltr'><strong>esset,</strong></span> <span class='ocrx_word' id='word_1_149' title='bbox 560 1729 599 1784; x_wconf 92' lang='lat' dir='ltr'><strong>ibi</strong></span> <span class='ocrx_word' id='word_1_150' title='bbox 620 1729 745 1803; x_wconf 83' lang='lat' dir='ltr'><strong>cogitata</strong></span> <span class='ocrx_word' id='word_1_151' title='bbox 761 1725 915 1802; x_wconf 87' lang='lat' dir='ltr'><strong>perliceret.</strong></span> <span class='ocrx_word' id='word_1_152' title='bbox 956 1723 1024 1781; x_wconf 89' lang='lat' dir='ltr'><strong>Non</strong></span> <span class='ocrx_word' id='word_1_153' title='bbox 1046 1728 1134 1785; x_wconf 89' lang='lat' dir='ltr'><strong>video</strong></span> 
     </span>
     <span class='ocr_line' id='line_1_20' title="bbox 167 1798 1131 1862; baseline 0 -2"><span class='ocrx_word' id='word_1_154' title='bbox 167 1821 282 1860; x_wconf 86' lang='lat' dir='ltr'><strong>causam</strong></span> <span class='ocrx_word' id='word_1_155' title='bbox 308 1805 364 1862; x_wconf 92' lang='lat' dir='ltr'><strong>loci</strong></span> <span class='ocrx_word' id='word_1_156' title='bbox 393 1805 543 1862; x_wconf 89' lang='lat' dir='ltr'><strong>mutandi:</strong></span> <span class='ocrx_word' id='word_1_157' title='bbox 564 1805 615 1862; x_wconf 88' lang='lat' dir='ltr'><strong>sed</strong></span> <span class='ocrx_word' id='word_1_158' title='bbox 634 1816 729 1862; x_wconf 71' lang='lat' dir='ltr'><strong>nmen</strong></span> <span class='ocrx_word' id='word_1_159' title='bbox 750 1814 814 1860; x_wconf 89' lang='lat' dir='ltr'><strong>acta</strong></span> <span class='ocrx_word' id='word_1_160' title='bbox 833 1821 878 1859; x_wconf 89' lang='lat' dir='ltr'><strong>res</strong></span> <span class='ocrx_word' id='word_1_161' title='bbox 898 1798 1053 1858; x_wconf 67' lang='lat' dir='ltr'><strong>criminose</strong></span> <span class='ocrx_word' id='word_1_162' title='bbox 1076 1815 1131 1860; x_wconf 83' lang='lat' dir='ltr'><strong>est</strong></span> 
     </span>
    </p>

    <p class='ocr_par' dir='ltr' id='par_1_4' title="bbox 114 1878 1132 1958">
     <span class='ocr_line' id='line_1_21' title="bbox 114 1878 1132 1958; baseline 0.004 -24"><span class='ocrx_word' id='word_1_163' title='bbox 114 1878 151 1934; x_wconf 74' lang='lat'><strong>20</strong></span> <span class='ocrx_word' id='word_1_164' title='bbox 167 1879 253 1952; x_wconf 78' lang='lat' dir='ltr'><strong>de,</strong></span> <span class='ocrx_word' id='word_1_165' title='bbox 269 1881 368 1956; x_wconf 86' lang='lat' dir='ltr'><strong>inquit,</strong></span> <span class='ocrx_word' id='word_1_166' title='bbox 382 1900 495 1939; x_wconf 86' lang='lat' dir='ltr'><strong>vomere</strong></span> <span class='ocrx_word' id='word_1_167' title='bbox 508 1892 536 1939; x_wconf 84' lang='lat' dir='ltr'><strong>te</strong></span> <span class='ocrx_word' id='word_1_168' title='bbox 549 1894 612 1958; x_wconf 89' lang='lat' dir='ltr'><strong>post</strong></span> <span class='ocrx_word' id='word_1_169' title='bbox 633 1901 744 1939; x_wconf 86' lang='lat' dir='ltr'><strong>coenam</strong></span> <span class='ocrx_word' id='word_1_170' title='bbox 757 1881 828 1938; x_wconf 84' lang='lat' dir='ltr'><strong>velle</strong></span> <span class='ocrx_word' id='word_1_171' title='bbox 842 1879 971 1950; x_wconf 87' lang='lat' dir='ltr'><strong>dixisses,</strong></span> <span class='ocrx_word' id='word_1_172' title='bbox 985 1879 1015 1936; x_wconf 92' lang='lat' dir='ltr'><strong>in</strong></span> <span class='ocrx_word' id='word_1_173' title='bbox 1034 1879 1132 1938; x_wconf 87' lang='lat' dir='ltr'><strong>balne-</strong></span> 
     </span>
    </p>

    <p class='ocr_par' dir='ltr' id='par_1_5' title="bbox 97 1955 1132 2032">
     <span class='ocr_line' id='line_1_22' title="bbox 97 1955 1132 2032; baseline 0.003 -23"><span class='ocrx_word' id='word_1_174' title='bbox 97 2003 99 2008; x_wconf 94' lang='lat'><em>.</em></span> <span class='ocrx_word' id='word_1_175' title='bbox 117 1955 122 1962; x_wconf 86' lang='lat'>&#39;</span> <span class='ocrx_word' id='word_1_176' title='bbox 166 1975 215 2012; x_wconf 90' lang='lat' dir='ltr'><strong>um</strong></span> <span class='ocrx_word' id='word_1_177' title='bbox 230 1968 258 2012; x_wconf 86' lang='lat' dir='ltr'><strong>te</strong></span> <span class='ocrx_word' id='word_1_178' title='bbox 272 1959 376 2013; x_wconf 87' lang='lat' dir='ltr'><strong>ducere</strong></span> <span class='ocrx_word' id='word_1_179' title='bbox 394 1971 555 2030; x_wconf 83' lang='lat' dir='ltr'><strong>coepcrunt;</strong></span> <span class='ocrx_word' id='word_1_180' title='bbox 577 1961 617 2015; x_wconf 88' lang='lat' dir='ltr'><strong>ibi</strong></span> <span class='ocrx_word' id='word_1_181' title='bbox 630 1961 707 2014; x_wconf 91' lang='lat' dir='ltr'><strong>enim</strong></span> <span class='ocrx_word' id='word_1_182' title='bbox 727 1970 808 2014; x_wconf 91' lang='lat' dir='ltr'><strong>erant</strong></span> <span class='ocrx_word' id='word_1_183' title='bbox 821 1957 957 2032; x_wconf 45' lang='lat' dir='ltr'><strong>insidiae..</strong></span> <span class='ocrx_word' id='word_1_184' title='bbox 982 1957 1022 2013; x_wconf 83' lang='lat' dir='ltr'><strong>At</strong></span> <span class='ocrx_word' id='word_1_185' title='bbox 1041 1967 1069 2013; x_wconf 92' lang='lat' dir='ltr'><strong>te</strong></span> <span class='ocrx_word' id='word_1_186' title='bbox 1082 1974 1132 2012; x_wconf 89' lang='lat' dir='ltr'><strong>ea-</strong></span> 
     </span>
    </p>

    <p class='ocr_par' dir='ltr' id='par_1_6' title="bbox 165 2027 1130 2102">
     <span class='ocr_line' id='line_1_23' title="bbox 165 2027 1130 2102; baseline 0.005 -17"><span class='ocrx_word' id='word_1_187' title='bbox 165 2027 236 2102; x_wconf 83' lang='lat' dir='ltr'><strong>dem,</strong></span> <span class='ocrx_word' id='word_1_188' title='bbox 250 2041 299 2087; x_wconf 84' lang='lat' dir='ltr'><strong>tua</strong></span> <span class='ocrx_word' id='word_1_189' title='bbox 314 2033 425 2088; x_wconf 84' lang='lat' dir='ltr'><strong>fortuna</strong></span> <span class='ocrx_word' id='word_1_190' title='bbox 445 2035 580 2090; x_wconf 85' lang='lat' dir='ltr'><strong>servavit:</strong></span> <span class='ocrx_word' id='word_1_191' title='bbox 603 2035 633 2090; x_wconf 92' lang='lat' dir='ltr'><strong>in</strong></span> <span class='ocrx_word' id='word_1_192' title='bbox 647 2035 811 2090; x_wconf 87' lang='lat' dir='ltr'><strong>cubiculum</strong></span> <span class='ocrx_word' id='word_1_193' title='bbox 824 2045 852 2091; x_wconf 89' lang='lat' dir='ltr'><strong>te</strong></span> <span class='ocrx_word' id='word_1_194' title='bbox 867 2035 907 2090; x_wconf 88' lang='lat' dir='ltr'><strong>ire</strong></span> <span class='ocrx_word' id='word_1_195' title='bbox 925 2032 1009 2091; x_wconf 86' lang='lat' dir='ltr'><strong>malle</strong></span> <span class='ocrx_word' id='word_1_196' title='bbox 1023 2033 1130 2090; x_wconf 86' lang='lat' dir='ltr'><strong>dixisti.</strong></span> 
     </span>
    </p>

    <p class='ocr_par' dir='ltr' id='par_1_7' title="bbox 165 2105 1130 2186">
     <span class='ocr_line' id='line_1_24' title="bbox 165 2105 1130 2186; baseline 0.005 -24"><span class='ocrx_word' id='word_1_197' title='bbox 165 2105 214 2164; x_wconf 92' lang='lat' dir='ltr'><strong>Dii</strong></span> <span class='ocrx_word' id='word_1_198' title='bbox 228 2114 257 2166; x_wconf 85' lang='lat' dir='ltr'><strong>te</strong></span> <span class='ocrx_word' id='word_1_199' title='bbox 270 2109 412 2183; x_wconf 85' lang='lat' dir='ltr'><strong>perduint,</strong></span> <span class='ocrx_word' id='word_1_200' title='bbox 426 2109 557 2184; x_wconf 81' lang='lat' dir='ltr'><strong>fugitive!</strong></span> <span class='ocrx_word' id='word_1_201' title='bbox 580 2111 619 2167; x_wconf 89' lang='lat' dir='ltr'><strong>ita</strong></span> <span class='ocrx_word' id='word_1_202' title='bbox 631 2130 689 2168; x_wconf 91' lang='lat' dir='ltr'><strong>non</strong></span> <span class='ocrx_word' id='word_1_203' title='bbox 702 2108 786 2167; x_wconf 81' lang='lat' dir='ltr'><strong>mcdd</strong></span> <span class='ocrx_word' id='word_1_204' title='bbox 802 2129 923 2186; x_wconf 87' lang='lat' dir='ltr'><strong>nequam</strong></span> <span class='ocrx_word' id='word_1_205' title='bbox 934 2122 963 2168; x_wconf 88' lang='lat' dir='ltr'><strong>et</strong></span> <span class='ocrx_word' id='word_1_206' title='bbox 974 2109 1130 2186; x_wconf 89' lang='lat' dir='ltr'><strong>improbus,</strong></span> 
     </span>
    </p>

    <p class='ocr_par' dir='ltr' id='par_1_8' title="bbox 62 2185 1130 2264">
     <span class='ocr_line' id='line_1_25' title="bbox 62 2185 1130 2264; baseline 0.002 -22"><span class='ocrx_word' id='word_1_207' title='bbox 62 2227 65 2234; x_wconf 69' lang='lat'><strong>,</strong></span> <span class='ocrx_word' id='word_1_208' title='bbox 166 2185 216 2242; x_wconf 86' lang='lat' dir='ltr'><strong>sed</strong></span> <span class='ocrx_word' id='word_1_209' title='bbox 237 2186 329 2244; x_wconf 89' lang='lat' dir='ltr'><strong>fatuus</strong></span> <span class='ocrx_word' id='word_1_210' title='bbox 349 2197 378 2244; x_wconf 90' lang='lat' dir='ltr'><strong>et</strong></span> <span class='ocrx_word' id='word_1_211' title='bbox 397 2205 496 2244; x_wconf 90' lang='lat' dir='ltr'><strong>amens</strong></span> <span class='ocrx_word' id='word_1_212' title='bbox 516 2206 556 2245; x_wconf 88' lang='lat' dir='ltr'><strong>es.</strong></span> <span class='ocrx_word' id='word_1_213' title='bbox 596 2187 699 2250; x_wconf 83' lang='lat' dir='ltr'><strong>Quidl</strong></span> <span class='ocrx_word' id='word_1_214' title='bbox 721 2187 766 2245; x_wconf 91' lang='lat' dir='ltr'><strong>ille</strong></span> <span class='ocrx_word' id='word_1_215' title='bbox 780 2189 863 2264; x_wconf 85' lang='lat' dir='ltr'><strong>signa</strong></span> <span class='ocrx_word' id='word_1_216' title='bbox 876 2207 956 2246; x_wconf 77' lang='lat' dir='ltr'><strong>enea</strong></span> <span class='ocrx_word' id='word_1_217' title='bbox 970 2189 999 2244; x_wconf 94' lang='lat' dir='ltr'><strong>in</strong></span> <span class='ocrx_word' id='word_1_218' title='bbox 1014 2187 1130 2244; x_wconf 87' lang='lat' dir='ltr'><strong>insidiis</strong></span> 
     </span>
    </p>

    <p class='ocr_par' dir='ltr' id='par_1_9' title="bbox 82 2264 1130 2341">
     <span class='ocr_line' id='line_1_26' title="bbox 82 2264 1130 2341; baseline 0.001 -22"><span class='ocrx_word' id='word_1_219' title='bbox 82 2287 85 2294; x_wconf 61' lang='lat'><strong><em>⁴</em></strong></span> <span class='ocrx_word' id='word_1_220' title='bbox 115 2264 150 2318; x_wconf 74' lang='lat'><strong>25</strong></span> <span class='ocrx_word' id='word_1_221' title='bbox 165 2275 305 2341; x_wconf 84' lang='lat' dir='ltr'><strong>posuerat,</strong></span> <span class='ocrx_word' id='word_1_222' title='bbox 318 2283 381 2338; x_wconf 80' lang='lat' dir='ltr'><strong>quae</strong></span> <span class='ocrx_word' id='word_1_223' title='bbox 394 2283 411 2321; x_wconf 93' lang='lat' dir='ltr'><strong>e</strong></span> <span class='ocrx_word' id='word_1_224' title='bbox 426 2265 527 2323; x_wconf 82' lang='lat' dir='ltr'><strong>balneo</strong></span> <span class='ocrx_word' id='word_1_225' title='bbox 541 2266 571 2322; x_wconf 93' lang='lat' dir='ltr'><strong>iu</strong></span> <span class='ocrx_word' id='word_1_226' title='bbox 585 2266 749 2324; x_wconf 82' lang='lat' dir='ltr'><strong>cubiculum</strong></span> <span class='ocrx_word' id='word_1_227' title='bbox 762 2267 907 2324; x_wconf 84' lang='lat' dir='ltr'><strong>transferri</strong></span> <span class='ocrx_word' id='word_1_228' title='bbox 921 2284 978 2323; x_wconf 93' lang='lat' dir='ltr'><strong>non</strong></span> <span class='ocrx_word' id='word_1_229' title='bbox 992 2265 1130 2341; x_wconf 73' lang='lat' dir='ltr'><strong>possenti</strong></span> 
     </span>
    </p>

    <p class='ocr_par' dir='ltr' id='par_1_10' title="bbox 168 2339 1128 2417">
     <span class='ocr_line' id='line_1_27' title="bbox 168 2339 1128 2417; baseline 0.005 -22"><span class='ocrx_word' id='word_1_230' title='bbox 168 2359 172 2370; x_wconf 86' lang='grc'><strong>’</strong></span> <span class='ocrx_word' id='word_1_231' title='bbox 211 2339 308 2396; x_wconf 89' lang='lat' dir='ltr'><strong>Habes</strong></span> <span class='ocrx_word' id='word_1_232' title='bbox 334 2342 455 2398; x_wconf 86' lang='lat' dir='ltr'><strong>crimina</strong></span> <span class='ocrx_word' id='word_1_233' title='bbox 482 2343 667 2398; x_wconf 89' lang='lat' dir='ltr'><strong>insidiarum:</strong></span> <span class='ocrx_word' id='word_1_234' title='bbox 696 2344 766 2399; x_wconf 92' lang='lat' dir='ltr'><strong>nihil</strong></span> <span class='ocrx_word' id='word_1_235' title='bbox 794 2343 871 2399; x_wconf 91' lang='lat' dir='ltr'><strong>enim</strong></span> <span class='ocrx_word' id='word_1_236' title='bbox 898 2343 970 2400; x_wconf 89' lang='lat' dir='ltr'><strong>dixit</strong></span> <span class='ocrx_word' id='word_1_237' title='bbox 997 2341 1128 2417; x_wconf 87' lang='lat' dir='ltr'><strong>amplius.</strong></span> 
     </span>
    </p>

    <p class='ocr_par' dir='ltr' id='par_1_11' title="bbox 165 2413 1129 2491">
     <span class='ocr_line' id='line_1_28' title="bbox 165 2413 1129 2491; baseline 0.005 -20"><span class='ocrx_word' id='word_1_238' title='bbox 165 2413 285 2486; x_wconf 89' lang='lat' dir='ltr'><strong>Horum,</strong></span> <span class='ocrx_word' id='word_1_239' title='bbox 302 2415 497 2491; x_wconf 68' lang='lat' dir='ltr'><strong>inquitatem</strong></span> <span class='ocrx_word' id='word_1_240' title='bbox 512 2419 652 2474; x_wconf 83' lang='lat' dir='ltr'><strong>conscius.</strong></span> <span class='ocrx_word' id='word_1_241' title='bbox 692 2418 773 2478; x_wconf 79' lang='lat' dir='ltr'><strong>Quid</strong></span> <span class='ocrx_word' id='word_1_242' title='bbox 793 2419 873 2474; x_wconf 83' lang='lat' dir='ltr'><strong>nrm‘l</strong></span> <span class='ocrx_word' id='word_1_243' title='bbox 894 2419 933 2473; x_wconf 89' lang='lat' dir='ltr'><strong>ita</strong></span> <span class='ocrx_word' id='word_1_244' title='bbox 946 2419 1065 2476; x_wconf 89' lang='lat' dir='ltr'><strong>demens</strong></span> <span class='ocrx_word' id='word_1_245' title='bbox 1078 2418 1129 2476; x_wconf 91' lang='lat' dir='ltr'><strong>ille</strong></span> 
     </span>
    </p>

    <p class='ocr_par' dir='ltr' id='par_1_12' title="bbox 164 2494 1129 2568">
     <span class='ocr_line' id='line_1_29' title="bbox 164 2494 1129 2568; baseline 0.004 -20"><span class='ocrx_word' id='word_1_246' title='bbox 164 2503 233 2565; x_wconf 84' lang='lat' dir='ltr'><strong>etat,</strong></span> <span class='ocrx_word' id='word_1_247' title='bbox 247 2504 280 2550; x_wconf 89' lang='lat' dir='ltr'><strong>ut</strong></span> <span class='ocrx_word' id='word_1_248' title='bbox 291 2511 367 2563; x_wconf 89' lang='lat' dir='ltr'><strong>eum,</strong></span> <span class='ocrx_word' id='word_1_249' title='bbox 381 2511 465 2568; x_wconf 86' lang='lat' dir='ltr'><strong>quem</strong></span> <span class='ocrx_word' id='word_1_250' title='bbox 479 2495 637 2554; x_wconf 85' lang='lat' dir='ltr'><strong>conscium·</strong></span> <span class='ocrx_word' id='word_1_251' title='bbox 645 2495 716 2552; x_wconf 85' lang='lat' dir='ltr'><strong>tanti</strong></span> <span class='ocrx_word' id='word_1_252' title='bbox 730 2494 844 2551; x_wconf 90' lang='lat' dir='ltr'><strong>sceleris</strong></span> <span class='ocrx_word' id='word_1_253' title='bbox 858 2494 989 2564; x_wconf 90' lang='lat' dir='ltr'><strong>habebat,</strong></span> <span class='ocrx_word' id='word_1_254' title='bbox 1008 2513 1026 2550; x_wconf 92' lang='lat' dir='ltr'><strong>a</strong></span> <span class='ocrx_word' id='word_1_255' title='bbox 1039 2513 1071 2551; x_wconf 91' lang='lat' dir='ltr'><strong>se</strong></span> <span class='ocrx_word' id='word_1_256' title='bbox 1083 2495 1129 2552; x_wconf 90' lang='lat' dir='ltr'><strong>di-</strong></span> 
     </span>
    </p>

    <p class='ocr_par' dir='ltr' id='par_1_13' title="bbox 165 2565 1128 2645">
     <span class='ocr_line' id='line_1_30' title="bbox 165 2565 1128 2645; baseline 0.002 -19"><span class='ocrx_word' id='word_1_257' title='bbox 165 2571 306 2629; x_wconf 69' lang='lat' dir='ltr'><strong>mitteret?</strong></span> <span class='ocrx_word' id='word_1_258' title='bbox 347 2570 470 2629; x_wconf 86' lang='lat' dir='ltr'><strong>Romam</strong></span> <span class='ocrx_word' id='word_1_259' title='bbox 481 2573 567 2636; x_wconf 87' lang='lat' dir='ltr'><strong>etiam</strong></span> <span class='ocrx_word' id='word_1_260' title='bbox 579 2573 712 2645; x_wconf 82' lang='lat' dir='ltr'><strong>mitteret,</strong></span> <span class='ocrx_word' id='word_1_261' title='bbox 724 2573 773 2630; x_wconf 92' lang='lat' dir='ltr'><strong>ubi</strong></span> <span class='ocrx_word' id='word_1_262' title='bbox 786 2577 815 2630; x_wconf 86' lang='lat' dir='ltr'><strong>et</strong></span> <span class='ocrx_word' id='word_1_263' title='bbox 830 2565 1061 2630; x_wconf 89' lang='lat' dir='ltr'><strong>inimicissimurrl</strong></span> <span class='ocrx_word' id='word_1_264' title='bbox 1071 2572 1128 2628; x_wconf 86' lang='lat' dir='ltr'><strong>sci-</strong></span> 
     </span>
    </p>

    <p class='ocr_par' dir='ltr' id='par_1_14' title="bbox 106 2647 1126 2725">
     <span class='ocr_line' id='line_1_31' title="bbox 106 2647 1126 2725; baseline 0 -21"><span class='ocrx_word' id='word_1_265' title='bbox 106 2649 149 2712; x_wconf 81' lang='grc'><strong>,30</strong></span> <span class='ocrx_word' id='word_1_266' title='bbox 165 2659 209 2708; x_wconf 87' lang='lat' dir='ltr'><strong>ret</strong></span> <span class='ocrx_word' id='word_1_267' title='bbox 218 2669 280 2708; x_wconf 89' lang='lat' dir='ltr'><strong>esse</strong></span> <span class='ocrx_word' id='word_1_268' title='bbox 291 2653 423 2725; x_wconf 86' lang='lat' dir='ltr'><strong>nepotem</strong></span> <span class='ocrx_word' id='word_1_269' title='bbox 432 2661 525 2724; x_wconf 83' lang='lat' dir='ltr'><strong>suum,</strong></span> <span class='ocrx_word' id='word_1_270' title='bbox 539 2661 568 2709; x_wconf 86' lang='lat' dir='ltr'><strong>et</strong></span> <span class='ocrx_word' id='word_1_271' title='bbox 581 2650 615 2708; x_wconf 88' lang='lat' dir='ltr'><strong>C.</strong></span> <span class='ocrx_word' id='word_1_272' title='bbox 629 2651 783 2723; x_wconf 69' lang='lat' dir='ltr'><strong>Cesaram,</strong></span> <span class='ocrx_word' id='word_1_273' title='bbox 798 2651 845 2708; x_wconf 92' lang='lat' dir='ltr'><strong>cui</strong></span> <span class='ocrx_word' id='word_1_274' title='bbox 860 2649 973 2709; x_wconf 87' lang='lat' dir='ltr'><strong>lecisset</strong></span> <span class='ocrx_word' id='word_1_275' title='bbox 986 2647 1126 2718; x_wconf 69' lang='lat' dir='ltr'><strong>insidias?</strong></span> 
     </span>
    </p>

    <p class='ocr_par' dir='ltr' id='par_1_15' title="bbox 105 2724 1128 2803">
     <span class='ocr_line' id='line_1_32' title="bbox 105 2724 1128 2803; baseline -0.004 -18"><span class='ocrx_word' id='word_1_276' title='bbox 105 2747 109 2750; x_wconf 87' lang='lat'>·</span> <span class='ocrx_word' id='word_1_277' title='bbox 165 2729 320 2803; x_wconf 74' lang='lat' dir='ltr'><strong>prasertim</strong></span> <span class='ocrx_word' id='word_1_278' title='bbox 334 2724 402 2784; x_wconf 78' lang='lat' dir='ltr'><strong>cum</strong></span> <span class='ocrx_word' id='word_1_279' title='bbox 417 2729 442 2784; x_wconf 91' lang='lat' dir='ltr'><strong>is</strong></span> <span class='ocrx_word' id='word_1_280' title='bbox 455 2747 530 2786; x_wconf 90' lang='lat' dir='ltr'><strong>unus</strong></span> <span class='ocrx_word' id='word_1_281' title='bbox 543 2740 626 2798; x_wconf 85' lang='lat' dir='ltr'><strong>esset,</strong></span> <span class='ocrx_word' id='word_1_282' title='bbox 640 2730 688 2801; x_wconf 91' lang='lat' dir='ltr'><strong>qui</strong></span> <span class='ocrx_word' id='word_1_283' title='bbox 701 2740 795 2802; x_wconf 87' lang='lat' dir='ltr'><strong>posset</strong></span> <span class='ocrx_word' id='word_1_284' title='bbox 810 2725 860 2802; x_wconf 87' lang='lat' dir='ltr'><strong>[de</strong></span> <span class='ocrx_word' id='word_1_285' title='bbox 875 2729 992 2786; x_wconf 82' lang='lat' dir='ltr'><strong>absente</strong></span> <span class='ocrx_word' id='word_1_286' title='bbox 1006 2745 1036 2784; x_wconf 89' lang='lat' dir='ltr'><strong>se</strong></span> <span class='ocrx_word' id='word_1_287' title='bbox 1051 2725 1128 2782; x_wconf 92' lang='lat' dir='ltr'><strong>indi-</strong></span> 
     </span>
    </p>

    <p class='ocr_par' dir='ltr' id='par_1_16' title="bbox 165 2797 1127 2879">
     <span class='ocr_line' id='line_1_33' title="bbox 165 2797 1127 2879; baseline 0 -19"><span class='ocrx_word' id='word_1_288' title='bbox 165 2803 253 2879; x_wconf 83' lang='lat' dir='ltr'><strong>care]</strong></span> <span class='ocrx_word' id='word_1_289' title='bbox 295 2803 333 2858; x_wconf 88' lang='lat' dir='ltr'><strong>Et</strong></span> <span class='ocrx_word' id='word_1_290' title='bbox 342 2797 445 2858; x_wconf 78' lang='lat' dir='ltr'><strong>&#39;iratres</strong></span> <span class='ocrx_word' id='word_1_291' title='bbox 465 2821 553 2871; x_wconf 91' lang='lat' dir='ltr'><strong>meos,</strong></span> <span class='ocrx_word' id='word_1_292' title='bbox 567 2805 667 2874; x_wconf 89' lang='lat' dir='ltr'><strong>inquit,</strong></span> <span class='ocrx_word' id='word_1_293' title='bbox 681 2801 758 2874; x_wconf 81' lang='lat' dir='ltr'><strong>qudd</strong></span> <span class='ocrx_word' id='word_1_294' title='bbox 778 2815 860 2860; x_wconf 89' lang='lat' dir='ltr'><strong>erant</strong></span> <span class='ocrx_word' id='word_1_295' title='bbox 880 2805 998 2875; x_wconf 88' lang='lat' dir='ltr'><strong>conscii,</strong></span> <span class='ocrx_word' id='word_1_296' title='bbox 1020 2803 1050 2860; x_wconf 91' lang='lat' dir='ltr'><strong>in</strong></span> <span class='ocrx_word' id='word_1_297' title='bbox 1064 2802 1127 2860; x_wconf 83' lang='lat' dir='ltr'><strong>vin·</strong></span> 
     </span>
    </p>

    <p class='ocr_par' dir='ltr' id='par_1_17' title="bbox 108 2875 1126 2951">
     <span class='ocr_line' id='line_1_34' title="bbox 108 2875 1126 2951; baseline 0.002 -17"><span class='ocrx_word' id='word_1_298' title='bbox 108 2913 111 2918; x_wconf 94' lang='lat'>-</span> <span class='ocrx_word' id='word_1_299' title='bbox 164 2881 230 2934; x_wconf 89' lang='lat' dir='ltr'><strong>cula</strong></span> <span class='ocrx_word' id='word_1_300' title='bbox 249 2877 378 2950; x_wconf 83' lang='lat' dir='ltr'><strong>conjecit.</strong></span> <span class='ocrx_word' id='word_1_301' title='bbox 420 2875 496 2931; x_wconf 78' lang='lat' dir='ltr'><strong>Cium</strong></span> <span class='ocrx_word' id='word_1_302' title='bbox 511 2877 596 2951; x_wconf 85' lang='lat' dir='ltr'><strong>igitur</strong></span> <span class='ocrx_word' id='word_1_303' title='bbox 615 2895 664 2932; x_wconf 91' lang='lat' dir='ltr'><strong>eos</strong></span> <span class='ocrx_word' id='word_1_304' title='bbox 685 2877 815 2946; x_wconf 87' lang='lat' dir='ltr'><strong>vinciret,</strong></span> <span class='ocrx_word' id='word_1_305' title='bbox 835 2895 905 2948; x_wconf 91' lang='lat' dir='ltr'><strong>quos</strong></span> <span class='ocrx_word' id='word_1_306' title='bbox 920 2897 1018 2934; x_wconf 88' lang='lat' dir='ltr'><strong>secum</strong></span> <span class='ocrx_word' id='word_1_307' title='bbox 1039 2879 1126 2936; x_wconf 85' lang='lat' dir='ltr'><strong>habe·</strong></span> 
     </span>
    </p>

    <p class='ocr_par' dir='ltr' id='par_1_18' title="bbox 165 2951 1126 3029">
     <span class='ocr_line' id='line_1_35' title="bbox 165 2951 1126 3029; baseline 0.003 -20"><span class='ocrx_word' id='word_1_308' title='bbox 165 2953 229 3023; x_wconf 85' lang='lat' dir='ltr'><strong>bat3</strong></span> <span class='ocrx_word' id='word_1_309' title='bbox 250 2963 279 3010; x_wconf 84' lang='lat' dir='ltr'><strong>te</strong></span> <span class='ocrx_word' id='word_1_310' title='bbox 304 2952 426 3012; x_wconf 87' lang='lat' dir='ltr'><strong>solutum</strong></span> <span class='ocrx_word' id='word_1_311' title='bbox 448 2952 572 3009; x_wconf 84' lang='lat' dir='ltr'><strong>Romam</strong></span> <span class='ocrx_word' id='word_1_312' title='bbox 591 2952 729 3024; x_wconf 86' lang='lat' dir='ltr'><strong>mittebat,</strong></span> <span class='ocrx_word' id='word_1_313' title='bbox 750 2951 797 3025; x_wconf 91' lang='lat' dir='ltr'><strong>qui</strong></span> <span class='ocrx_word' id='word_1_314' title='bbox 818 2953 919 3008; x_wconf 86' lang='lat' dir='ltr'><strong>eadem</strong></span> <span class='ocrx_word' id='word_1_315' title='bbox 941 2953 1038 3024; x_wconf 88' lang='lat' dir='ltr'><strong>scires,</strong></span> <span class='ocrx_word' id='word_1_316' title='bbox 1058 2974 1126 3029; x_wconf 74' lang='lat' dir='ltr'><strong>quae</strong></span> 
     </span>
    </p>

    <p class='ocr_par' dir='ltr' id='par_1_19' title="bbox 113 3031 983 3091">
     <span class='ocr_line' id='line_1_36' title="bbox 113 3031 983 3091; baseline -0.009 -2"><span class='ocrx_word' id='word_1_317' title='bbox 113 3033 148 3085; x_wconf 87' lang='grc'><strong>35</strong></span> <span class='ocrx_word' id='word_1_318' title='bbox 160 3031 226 3091; x_wconf 89' lang='lat' dir='ltr'><strong>illos</strong></span> <span class='ocrx_word' id='word_1_319' title='bbox 239 3032 312 3090; x_wconf 86' lang='lat' dir='ltr'><strong>scire</strong></span> <span class='ocrx_word' id='word_1_320' title='bbox 326 3031 418 3089; x_wconf 88' lang='lat' dir='ltr'><strong>dicisl</strong></span> <span class='ocrx_word' id='word_1_321' title='bbox 978 3063 983 3072; x_wconf 87' lang='lat'><em>·</em></span> 
     </span>
    </p>

    <p class='ocr_par' dir='ltr' id='par_1_20' title="bbox 203 3101 1124 3190">
     <span class='ocr_line' id='line_1_37' title="bbox 203 3101 1124 3190; baseline 0.002 -26"><span class='ocrx_word' id='word_1_322' title='bbox 203 3109 287 3167; x_wconf 88' lang='lat' dir='ltr'><strong>VIII.</strong></span> <span class='ocrx_word' id='word_1_323' title='bbox 312 3109 435 3182; x_wconf 87' lang='lat' dir='ltr'><strong>Reliqua</strong></span> <span class='ocrx_word' id='word_1_324' title='bbox 448 3127 513 3190; x_wconf 71' lang='lat' dir='ltr'><strong>pars</strong></span> <span class='ocrx_word' id='word_1_325' title='bbox 533 3107 722 3178; x_wconf 81' lang='lat' dir='ltr'><strong>accusationis</strong></span> <span class='ocrx_word' id='word_1_326' title='bbox 736 3101 839 3180; x_wconf 82' lang='lat' dir='ltr'><strong>duplex</strong></span> <span class='ocrx_word' id='word_1_327' title='bbox 853 3105 922 3162; x_wconf 88' lang='lat' dir='ltr'><strong>fuit:</strong></span> <span class='ocrx_word' id='word_1_328' title='bbox 944 3125 1010 3178; x_wconf 89' lang='lat' dir='ltr'><strong>una,</strong></span> <span class='ocrx_word' id='word_1_329' title='bbox 1025 3126 1124 3185; x_wconf 85' lang='lat' dir='ltr'><strong>regem</strong></span> 
     </span>
    </p>

    <p class='ocr_par' dir='ltr' id='par_1_21' title="bbox 95 3180 1123 3259">
     <span class='ocr_line' id='line_1_38' title="bbox 95 3180 1123 3259; baseline 0.003 -18"><span class='ocrx_word' id='word_1_330' title='bbox 95 3249 99 3256; x_wconf 35' lang='lat'>¹</span> <span class='ocrx_word' id='word_1_331' title='bbox 163 3201 272 3259; x_wconf 85' lang='lat' dir='ltr'><strong>semper</strong></span> <span class='ocrx_word' id='word_1_332' title='bbox 293 3183 323 3238; x_wconf 91' lang='lat' dir='ltr'><strong>in</strong></span> <span class='ocrx_word' id='word_1_333' title='bbox 337 3183 459 3256; x_wconf 90' lang='lat' dir='ltr'><strong>speculis</strong></span> <span class='ocrx_word' id='word_1_334' title='bbox 479 3180 729 3256; x_wconf 81' lang='lat' dir='ltr'><strong>fuisse,ci1mate</strong></span> <span class='ocrx_word' id='word_1_335' title='bbox 750 3183 847 3240; x_wconf 85' lang='lat' dir='ltr'><strong>animo</strong></span> <span class='ocrx_word' id='word_1_336' title='bbox 860 3193 934 3241; x_wconf 88' lang='lat' dir='ltr'><strong>esset</strong></span> <span class='ocrx_word' id='word_1_337' title='bbox 954 3183 1063 3254; x_wconf 90' lang='lat' dir='ltr'><strong>alieno;</strong></span> <span class='ocrx_word' id='word_1_338' title='bbox 1084 3187 1123 3244; x_wconf 85' lang='lat' dir='ltr'><strong>al·</strong></span> 
     </span>
    </p>

    <p class='ocr_par' dir='ltr' id='par_1_22' title="bbox 162 3259 1122 3338">
     <span class='ocr_line' id='line_1_39' title="bbox 162 3259 1122 3338; baseline 0.002 -20"><span class='ocrx_word' id='word_1_339' title='bbox 162 3274 231 3332; x_wconf 76' lang='lat' dir='ltr'><strong>tera,</strong></span> <span class='ocrx_word' id='word_1_340' title='bbox 245 3260 400 3330; x_wconf 79' lang='lat' dir='ltr'><strong>exercitum</strong></span> <span class='ocrx_word' id='word_1_341' title='bbox 413 3277 479 3316; x_wconf 89' lang='lat' dir='ltr'><strong>eum</strong></span> <span class='ocrx_word' id='word_1_342' title='bbox 492 3271 591 3327; x_wconf 77' lang='lat' dir='ltr'><strong>conus</strong></span> <span class='ocrx_word' id='word_1_343' title='bbox 602 3271 630 3317; x_wconf 87' lang='lat' dir='ltr'><strong>te</strong></span> <span class='ocrx_word' id='word_1_344' title='bbox 643 3277 780 3338; x_wconf 85' lang='lat' dir='ltr'><strong>magnum</strong></span> <span class='ocrx_word' id='word_1_345' title='bbox 791 3261 977 3337; x_wconf 75' lang='lat' dir='ltr'><strong>comparuisse.</strong></span> <span class='ocrx_word' id='word_1_346' title='bbox 1018 3259 1064 3320; x_wconf 93' lang='lat' dir='ltr'><strong>De</strong></span> <span class='ocrx_word' id='word_1_347' title='bbox 1074 3279 1122 3320; x_wconf 83' lang='lat' dir='ltr'><strong>ex·</strong></span> 
     </span>
    </p>

    <p class='ocr_par' dir='ltr' id='par_1_23' title="bbox 162 3337 1122 3414">
     <span class='ocr_line' id='line_1_40' title="bbox 162 3337 1122 3414; baseline 0.002 -20"><span class='ocrx_word' id='word_1_348' title='bbox 162 3338 252 3410; x_wconf 78' lang='lat' dir='ltr'><strong>ercitu</strong></span> <span class='ocrx_word' id='word_1_349' title='bbox 273 3338 367 3395; x_wconf 88' lang='lat' dir='ltr'><strong>dicam</strong></span> <span class='ocrx_word' id='word_1_350' title='bbox 381 3337 510 3410; x_wconf 85' lang='lat' dir='ltr'><strong>breviter,</strong></span> <span class='ocrx_word' id='word_1_351' title='bbox 530 3347 562 3395; x_wconf 93' lang='lat' dir='ltr'><strong>ut</strong></span> <span class='ocrx_word' id='word_1_352' title='bbox 576 3349 685 3395; x_wconf 87' lang='lat' dir='ltr'><strong>caetera.</strong></span> <span class='ocrx_word' id='word_1_353' title='bbox 727 3337 882 3414; x_wconf 90' lang='lat' dir='ltr'><strong>Nunquam</strong></span> <span class='ocrx_word' id='word_1_354' title='bbox 900 3358 949 3396; x_wconf 91' lang='lat' dir='ltr'><strong>eas</strong></span> <span class='ocrx_word' id='word_1_355' title='bbox 963 3339 1058 3414; x_wconf 88' lang='lat' dir='ltr'><strong>copias</strong></span> <span class='ocrx_word' id='word_1_356' title='bbox 1071 3357 1122 3396; x_wconf 90' lang='lat' dir='ltr'><strong>rex</strong></span> 
     </span>
    </p>

    <p class='ocr_par' dir='ltr' id='par_1_24' title="bbox 114 3415 1122 3492">
     <span class='ocr_line' id='line_1_41' title="bbox 114 3415 1122 3492; baseline 0.002 -20"><span class='ocrx_word' id='word_1_357' title='bbox 114 3419 149 3472; x_wconf 80' lang='lat' dir='ltr'><strong>to</strong></span> <span class='ocrx_word' id='word_1_358' title='bbox 163 3415 313 3474; x_wconf 85' lang='lat' dir='ltr'><strong>Deiotarus</strong></span> <span class='ocrx_word' id='word_1_359' title='bbox 327 3416 434 3488; x_wconf 87' lang='lat' dir='ltr'><strong>habuit,</strong></span> <span class='ocrx_word' id='word_1_360' title='bbox 448 3416 550 3490; x_wconf 90' lang='lat' dir='ltr'><strong>quibus</strong></span> <span class='ocrx_word' id='word_1_361' title='bbox 564 3415 667 3473; x_wconf 85' lang='lat' dir='ltr'><strong>inferre</strong></span> <span class='ocrx_word' id='word_1_362' title='bbox 682 3415 788 3474; x_wconf 92' lang='lat' dir='ltr'><strong>bellum</strong></span> <span class='ocrx_word' id='word_1_363' title='bbox 801 3417 903 3492; x_wconf 92' lang='lat' dir='ltr'><strong>populo</strong></span> <span class='ocrx_word' id='word_1_364' title='bbox 917 3417 1050 3474; x_wconf 86' lang='lat' dir='ltr'><strong>Romano</strong></span> <span class='ocrx_word' id='word_1_365' title='bbox 1059 3433 1122 3492; x_wconf 84' lang='lat' dir='ltr'><strong>pos·</strong></span> 
     </span>
    </p>

    <p class='ocr_par' dir='ltr' id='par_1_25' title="bbox 163 3491 1122 3566">
     <span class='ocr_line' id='line_1_42' title="bbox 163 3491 1122 3566; baseline -0.002 -16"><span class='ocrx_word' id='word_1_366' title='bbox 163 3504 221 3561; x_wconf 88' lang='lat' dir='ltr'><strong>set;</strong></span> <span class='ocrx_word' id='word_1_367' title='bbox 242 3494 292 3549; x_wconf 92' lang='lat' dir='ltr'><strong>sed</strong></span> <span class='ocrx_word' id='word_1_368' title='bbox 305 3493 407 3566; x_wconf 90' lang='lat' dir='ltr'><strong>quibus</strong></span> <span class='ocrx_word' id='word_1_369' title='bbox 421 3493 493 3550; x_wconf 89' lang='lat' dir='ltr'><strong>fines</strong></span> <span class='ocrx_word' id='word_1_370' title='bbox 504 3513 570 3551; x_wconf 87' lang='lat' dir='ltr'><strong>suos</strong></span> <span class='ocrx_word' id='word_1_371' title='bbox 584 3495 619 3550; x_wconf 91' lang='lat' dir='ltr'><strong>ab</strong></span> <span class='ocrx_word' id='word_1_372' title='bbox 633 3495 849 3552; x_wconf 78' lang='lat' dir='ltr'><strong>excursionibus</strong></span> <span class='ocrx_word' id='word_1_373' title='bbox 863 3495 985 3552; x_wconf 89' lang='lat' dir='ltr'><strong>hostium</strong></span> <span class='ocrx_word' id='word_1_374' title='bbox 998 3503 1027 3550; x_wconf 90' lang='lat' dir='ltr'><strong>et</strong></span> <span class='ocrx_word' id='word_1_375' title='bbox 1038 3491 1122 3549; x_wconf 88' lang='lat' dir='ltr'><strong>latro-</strong></span> 
     </span>
    </p>

    <p class='ocr_par' dir='ltr' id='par_1_26' title="bbox 163 3569 1123 3647">
     <span class='ocr_line' id='line_1_43' title="bbox 163 3569 1123 3647; baseline -0.002 -20"><span class='ocrx_word' id='word_1_376' title='bbox 163 3570 247 3627; x_wconf 91' lang='lat' dir='ltr'><strong>ciniis</strong></span> <span class='ocrx_word' id='word_1_377' title='bbox 261 3580 394 3637; x_wconf 86' lang='lat' dir='ltr'><strong>tueretur,</strong></span> <span class='ocrx_word' id='word_1_378' title='bbox 408 3580 437 3626; x_wconf 87' lang='lat' dir='ltr'><strong>et</strong></span> <span class='ocrx_word' id='word_1_379' title='bbox 451 3571 666 3647; x_wconf 85' lang='lat' dir='ltr'><strong>imperatoribus</strong></span> <span class='ocrx_word' id='word_1_380' title='bbox 676 3573 780 3630; x_wconf 88' lang='lat' dir='ltr'><strong>nostris</strong></span> <span class='ocrx_word' id='word_1_381' title='bbox 790 3569 894 3627; x_wconf 88' lang='lat' dir='ltr'><strong>auxilia</strong></span> <span class='ocrx_word' id='word_1_382' title='bbox 904 3572 1033 3628; x_wconf 87' lang='lat' dir='ltr'><strong>mitteret.</strong></span> <span class='ocrx_word' id='word_1_383' title='bbox 1068 3569 1123 3625; x_wconf 79' lang='lat' dir='ltr'><strong>At-</strong></span> 
     </span>
    </p>

    <p class='ocr_par' dir='ltr' id='par_1_27' title="bbox 164 3641 1123 3807">
     <span class='ocr_line' id='line_1_44' title="bbox 164 3641 1123 3726; baseline 0.001 -25"><span class='ocrx_word' id='word_1_384' title='bbox 164 3665 217 3723; x_wconf 87' lang='lat' dir='ltr'><strong>que</strong></span> <span class='ocrx_word' id='word_1_385' title='bbox 232 3655 315 3702; x_wconf 82' lang='lat' dir='ltr'><strong>antea</strong></span> <span class='ocrx_word' id='word_1_386' title='bbox 333 3645 448 3716; x_wconf 90' lang='lat' dir='ltr'><strong>quidem</strong></span> <span class='ocrx_word' id='word_1_387' title='bbox 468 3649 588 3725; x_wconf 85' lang='lat' dir='ltr'><strong>majores</strong></span> <span class='ocrx_word' id='word_1_388' title='bbox 608 3649 706 3724; x_wconf 77' lang='lat' dir='ltr'><strong>copias</strong></span> <span class='ocrx_word' id='word_1_389' title='bbox 725 3647 800 3726; x_wconf 82' lang='lat' dir='ltr'><strong>alere</strong></span> <span class='ocrx_word' id='word_1_390' title='bbox 819 3657 943 3722; x_wconf 87' lang='lat' dir='ltr'><strong>poterat;</strong></span> <span class='ocrx_word' id='word_1_391' title='bbox 964 3663 1044 3705; x_wconf 90' lang='lat' dir='ltr'><strong>nuuc</strong></span> <span class='ocrx_word' id='word_1_392' title='bbox 1062 3641 1123 3702; x_wconf 82' lang='lat' dir='ltr'><strong>exi-</strong></span> 
     </span>
     <span class='ocr_line' id='line_1_45' title="bbox 165 3720 517 3807; baseline -0.009 -25"><span class='ocrx_word' id='word_1_393' title='bbox 165 3741 236 3802; x_wconf 81' lang='lat' dir='ltr'><strong>guas</strong></span> <span class='ocrx_word' id='word_1_394' title='bbox 248 3721 294 3780; x_wconf 84' lang='lat' dir='ltr'><strong>vix</strong></span> <span class='ocrx_word' id='word_1_395' title='bbox 306 3720 379 3777; x_wconf 87' lang='lat' dir='ltr'><strong>tueri</strong></span> <span class='ocrx_word' id='word_1_396' title='bbox 391 3725 489 3807; x_wconf 72' lang='lat' dir='ltr'><strong>potest</strong></span> <span class='ocrx_word' id='word_1_397' title='bbox 516 3759 517 3762; x_wconf 55' lang='lat'><em>=</em></span> 
     </span>
    </p>
   </div>
   <div class='ocr_carea' id='block_1_3' title="bbox 0 0 1276 4212">
    <p class='ocr_par' dir='ltr' id='par_1_28' title="bbox 0 0 1276 4212">
     <span class='ocr_line' id='line_1_46' title="bbox 0 0 1276 4212; baseline 0 5"><span class='ocrx_word' id='word_1_398' title='bbox 0 0 1276 4212; x_wconf 95' lang='lat' dir='ltr'><strong> </strong></span> 
     </span>
    </p>
   </div>
  </div>
 </body>
</html>
