2516 4204
161 325 218 388 m
379 327 517 406 ‘ORATIO
533 325 602 375 Ptto
618 325 649 376 Τ.
665 323 778 375 ANNIO
794 321 942 376 MILONE.

208 470 254 527 tc”
266 467 392 542 (mecum
405 467 482 525 enim
495 467 648 542 sepissime
668 465 801 542 loquitur)
816 467 835 496 “
846 463 942 540 patrie
963 455 1139 546 reddidissem,

208 545 277 604 mihi
298 545 423 602 futurum
443 545 473 600 in
492 545 583 619 patrii
606 563 664 600 non
691 553 818 618 putarem
846 541 960 598 locuml
999 537 1052 594 Ubi
1074 545 1140 617 nunc

208 632 323 678 senatus
343 632 396 692 est,
409 639 494 695 quem
514 621 603 678 secuti
624 620 743 676 sumusl
764 619 812 673 ubi
837 617 945 690 equites
965 610 1084 672 Romani
1099 608 1142 694 illl,

208 698 266 756 illi”
293 697 409 775 (inquit)
431 701 448 727 “
460 699 524 756 tuil
551 697 600 754 ubi
621 696 714 754 studia
734 694 976 768 municipioruml
1001 689 1048 746 ubi
1066 685 1143 772 Italic

158 779 161 834 l
174 780 193 832 5
209 777 311 835 voeesl
331 777 380 831 ubi
394 775 516 848 denique
529 786 586 844 tua,
599 773 639 828 M.
655 771 744 842 Tulli,
757 790 819 844 quae
839 769 966 844 plurimis
982 767 1033 824 luit
1045 761 1142 849 curtillo,

208 870 263 910 vox
275 863 304 908 et
316 852 463 908 defensio?
486 851 593 905 mihine
606 868 641 905 ea
655 849 716 920 soli,
730 850 777 922 qui
798 866 849 921 pro
868 857 897 903 te
915 846 1000 902 toties
1019 849 1091 899 morti
1101 852 1144 891 me
1181 919 1183 924 ,

207 927 305 995 obtuli,
320 927 390 981 nihil
403 936 494 999 potest
506 926 635 998 opitulari
644 927 673 980 l’'

245 1001 373 1057 XXXV.
413 1001 477 1057 Nec
490 998 555 1056 verb
569 1002 640 1072 haec,
651 1000 771 1074 judices,
786 1010 819 1056 ut
838 1019 893 1074 ego
912 1017 1004 1070 nunc,
1016 995 1092 1063 tiens,
1104 986 1144 1044 sed
1233 1033 1234 1076 ss

208 1079 263 1136 hoc
276 1079 376 1135 eodem
389 1077 510 1151 loquitur
522 1078 609 1148 vultu,
623 1096 677 1151 quo
693 1077 801 1134 videtis.
842 1075 937 1150 Negat
957 1075 1045 1142 enirn,
1058 1088 1094 1140 se,
1106 1083 1146 1152 uer
1233 1087 1234 1124 3

160 1159 194 1214 10
209 1167 266 1230 gat,
280 1155 397 1228 ingratis
417 1155 525 1210 civibus
546 1155 733 1226 fecisseque
753 1153 871 1210 fecerit:
891 1152 1010 1224 timidis,
1023 1159 1051 1206 et
1065 1159 1148 1203 ommt

209 1231 501 1303 circumspicientibus
515 1231 649 1302 pericula,
660 1248 717 1285 uon
731 1241 823 1303 neget.
864 1228 980 1284 Plebem
995 1237 1023 1284 et
1037 1223 1147 1308 insuram

208 1305 425 1375 multitudinem,
438 1324 511 1378 quc,
526 1305 557 1360 P.
579 1305 679 1361 Clodio
692 1306 775 1375 duce,
785 1305 909 1362 ¹fortunis
921 1305 1022 1364 vestris
1035 1303 1150 1358 immine·

208 1381 265 1451 bat,
278 1399 351 1452 eam,
365 1377 421 1454 qud
435 1382 520 1438 tutior
533 1392 608 1437 esset
621 1383 677 1438 vita
690 1395 794 1452 nostra,
808 1397 888 1438 suam
909 1399 941 1437 se
962 1382 1064 1438 fecisse
1086 1389 1150 1432 com·

209 1469 359 1526 memorat;
380 1469 489 1519 utnon
512 1455 595 1514 mcdb
617 1459 719 1516 virtute
740 1459 873 1528 flecteret,
895 1458 945 1514 sed
966 1459 1051 1514 etiam
1072 1451 1151 1534 tribus

161 1545 195 1598 15
210 1535 269 1592 suis
278 1535 454 1610 patrimoniis
461 1535 613 1592 deleniret:
627 1555 681 1592 nec
689 1537 780 1606 timet,
788 1555 836 1605 ne,
845 1533 911 1592 cum
919 1535 1030 1609 plebem
1041 1543 1154 1614 munen-

211 1612 263 1668 bus
276 1613 403 1686 placdrit,
417 1631 465 1668 voa
479 1631 536 1668 nou
549 1613 708 1668 conciliarit
721 1613 827 1668 meritis
840 1612 870 1666 in
888 1609 1092 1682 rempublicam
1105 1619 1156 1688 sn}-

208 1689 360 1761 gularibus.
401 1689 522 1746 Senatir's
543 1707 610 1762 erga
630 1707 660 1744 se
682 1687 900 1742 benevolentiam
921 1683 1093 1756 temporibus
1115 1680 1157 1734 his

209 1763 277 1838 ipsis
290 1783 365 1840 sepe
376 1784 441 1824 ,esse
454 1775 645 1840 perspectam
666 1773 769 1819 vestras
782 1758 847 1818 verb
869 1770 897 1815 et
919 1769 1072 1840 vestrorum
1086 1753 1159 1820 ordi·

210 1859 280 1897 uum
301 1843 521 1914 occursationes,
539 1842 641 1912 studia,
655 1858 808 1910 sermones,
828 1851 1025 1912 quemcunque
1046 1847 1156 1889 cursum

159 1928 195 1982 20
212 1917 323 1976 fortuna
336 1920 452 1988 dederit,
466 1939 563 1976 secum
578 1938 609 1975 se
622 1919 779 1974 ablaturum
793 1935 865 1986 esse,
879 1913 955 1970 dicit.
1072 1919 1079 1930 '

249 1992 382 2048 Meminit
395 1995 489 2061 etiam,
501 1996 554 2048 sibi
568 2013 666 2050 vocem
679 1993 819 2066 praeconis
836 1987 919 2047 modd
934 1989 1068 2060 defuisse,
1079 2001 1155 2062 quam

210 2065 327 2122 minime
352 2067 532 2135 desiderririt3
552 2069 646 2141 populi
673 2065 739 2123 verb
763 2067 877 2123 cunctis
901 2066 1052 2140 suffragiis,
1077 2059 1155 2140 (quod

210 2161 300 2200 unum
314 2143 446 2220 cupierit)
461 2163 492 2200 se
512 2145 658 2201 consulein
679 2145 869 2212 declaratum3
889 2160 970 2199 nuuc
991 2142 1123 2214 denique,
1136 2137 1156 2192 si

211 2221 273 2278 heo
286 2241 363 2278 arma
376 2233 474 2280 eontra
486 2241 517 2279 se
538 2221 595 2278 sint
615 2222 717 2292 lutura,
731 2221 785 2278 sibi
809 2220 942 2276 facinoris
963 2219 1157 2294 suspicionem,

160 2310 195 2361 25
211 2317 269 2354 non
284 2299 350 2354 facti
363 2301 480 2369 crimen,
494 2300 614 2356 obstare.
655 2299 745 2355 Addit
759 2299 830 2368 haec,
840 2315 902 2371 quae
916 2294 994 2353 certe
1009 2313 1076 2353 vera
1089 2300 1158 2360 sunt,

211 2374 296 2429 sortes
310 2383 338 2428 et
351 2376 492 2446 sapientes
505 2377 578 2430 viros
591 2393 649 2428 uon
662 2385 719 2428 tam
742 2375 856 2446 premia
879 2373 958 2444 sequi
983 2373 1073 2429 solere
1086 2363 1157 2428 rect&

211 2447 358 2518 factorum,
371 2447 455 2521 qudrn
470 2450 529 2522 ipsa
542 2446 619 2504 reete
634 2449 723 2504 sacta:
744 2467 775 2504 se
793 2447 864 2503 nihil
885 2448 915 2502 in
936 2448 1003 2516 vita,
1017 2449 1075 2504 nisi
1097 2462 1159 2523 pre·

211 2523 377 2595 clarissime,
388 2525 504 2592 fecisse3
525 2525 662 2598 siquidem
673 2524 743 2581 nihil
754 2525 790 2580 sit
800 2523 984 2599 prestabilius
997 2523 1067 2593 viro,
1078 2521 1159 2606 quint

210 2601 344 2676 periculis
357 2605 474 2678 patriam
489 2603 624 2660 liberare:
646 2603 742 2661 beatos
756 2620 829 2673 asse,
842 2600 944 2676 quibus
956 2619 1049 2657 cares
1064 2601 1159 2656 honori

160 2679 197 2734 30
212 2678 393 2738 sueritasuis
406 2682 530 2751 civibus3
551 2699 606 2739 nec
623 2692 718 2739 tamen
738 2699 787 2738 eos
809 2679 936 2750 miseros,
956 2677 1003 2752 qui
1025 2674 1162 2762 beneficio

212 2757 289 2814 cives
302 2778 367 2815 suos
381 2759 514 2814 vicerint:
535 2760 584 2814 sed
598 2769 702 2827 tamen,
713 2777 749 2814 ex
763 2757 895 2815 omnibus
908 2755 1030 2830 praemiis
1043 2753 1161 2818 virtutis,

212 2833 237 2888 si
250 2844 323 2888 esset
348 2835 477 2887 habenda
497 2833 567 2887 ratio
590 2833 777 2904 praemiorum,
792 2831 994 2904 amplissimum
1015 2849 1077 2888 esse
1094 2844 1162 2904 pm·

211 2907 299 2960 mium
313 2905 446 2977 gloriam:
467 2923 529 2960 esse
550 2906 623 2960 hanc
644 2923 816 2979 unamque
838 2905 1001 2962 brevitatem
1023 2907 1088 2964 vite
1102 2923 1161 2981 pos·

211 2979 330 3036 taritatis
352 2980 488 3038 memorii
511 2980 716 3038 consolaretur:
746 2999 807 3053 quae
832 2979 964 3052 efficeret,
979 2992 1010 3038 ut
1033 2983 1161 3040 absentes

161 3060 196 3113 35
213 3056 384 3129 adessemus,
406 3057 510 3116 mortui
537 3058 710 3125 viveremus3
741 3057 816 3113 hanc
839 3056 961 3129 denique
985 3077 1056 3127 esse,
1082 3060 1162 3134 cujus

213 3136 345 3210 gradibus
367 3135 451 3188 etiarn
475 3133 603 3190 homines
623 3135 659 3189 'in
686 3133 788 3188 coelum
814 3133 973 3188 viderentur
998 3136 1161 3192 ascendere.

213 3211 285 3264 “De
305 3208 378 3275 me,''
393 3206 491 3279 inquit,
506 3211 644 3280 “semper
664 3207 783 3281 populus
804 3207 960 3277 Romanus,
973 3225 1084 3282 semper
1108 3227 1162 3268 om·

212 3301 264 3338 nes
285 3292 384 3356 gentes
404 3282 566 3358 loquentur;
587 3283 665 3340 nulla
687 3301 812 3356 unquam
834 3283 1010 3342 obmutescet
1032 3297 1160 3344 vetustas.

140 3385 141 3388 ¹
211 3357 362 3419 Quintus
375 3372 498 3436 tempore
520 3359 589 3435 ipsc,
603 3356 670 3418 ciam
691 3379 790 3420 omues
813 3381 830 3418 a
849 3360 921 3420 meis
941 3360 1066 3420 inimicis
1088 3365 1161 3421 faces

162 3443 198 3496 40
213 3453 283 3492 mese
300 3437 414 3495 invidias
435 3437 636 3512 subjiciuntur3
657 3449 753 3496 tamen
774 3439 853 3496 omni
875 3438 905 3496 in
918 3435 1064 3496 hominum
1078 3451 1161 3508 cortu,

213 3513 309 3588 gratiis
322 3516 448 3588 agendis,
463 3526 491 3573 et
513 3515 745 3590 gratulationibus
759 3515 906 3585 habendis,
919 3525 949 3572 et
970 3517 1048 3574 omni
1061 3532 1163 3572 sermo·

213 3607 259 3660 ne,
274 3591 455 3648 celebramur.
495 3591 604 3650 Omitto
617 3592 736 3650 Etruriae
759 3593 852 3662 festos,
866 3601 895 3648 et
912 3601 990 3654 actos
1003 3602 1032 3650 et
1054 3589 1163 3648 institu·

213 3675 266 3737 tos,
280 3667 356 3722 dies:
377 3668 532 3724 centesima
551 3669 600 3725 lux
619 3681 663 3726 est
682 3671 744 3726 hec
764 3669 800 3725 ab
820 3666 935 3728 interitu
950 3667 981 3724 P.
1003 3667 1112 3734 Clodii3
1132 3674 1163 3722 et

216 3733 342 3820 (opinor),
363 3740 435 3798 idtra
456 3739 541 3815 quam
561 3744 633 3804 lines
652 3744 762 3820 imperii
782 3742 880 3828 populi
896 3741 1022 3808 Romut
1039 3753 1115 3815 sunt,
1127 3758 1163 3798 ea
