2542 4212
388 356 511 406 ORATIO
527 357 562 406 11.
579 357 620 405 ΙΝ
636 355 666 404 1..
684 357 889 408 carrum.
1128 361 1164 416 19

156 492 246 550 Nunc
259 490 324 551 verb
339 493 424 568 quim
444 493 549 567 subitd,
563 515 621 553 non
641 494 733 552 solum
752 517 789 554 err
808 497 895 566 Urbe,
909 493 1006 554 rerirm
1025 496 1112 554 etiam

157 588 194 628 ex
202 570 286 644 agris,
296 571 438 644 ingentem
449 591 601 628 numerum
611 573 781 645 perditorum
790 573 935 628 hominum
944 573 1110 646 collegerat!

157 643 259 715 Nemo,
270 665 327 702 non
338 644 423 703 modi>
434 647 548 716 Romo,
562 649 611 702 sed
622 666 677 704 nec
688 649 746 706 ullo
759 649 788 705 in
800 648 903 722 angulo
914 648 997 704 totius
1012 647 1110 720 Italic,

156 739 308 795 oppressus
323 741 378 779 rere
392 723 488 778 alieno
501 722 563 793 luit,
576 741 660 796 quem
674 742 734 780 non
747 725 782 778 ad
796 725 853 780 hoc
866 724 1032 779 incredibile
1052 742 1112 780 sce·

47 801 52 805 ’
156 797 223 853 ieris
238 798 330 853 soedus
344 798 504 854 adsciverit.
1143 809 1161 860 5

125 905 141 929 a
195 873 231 928 V.
254 876 359 944 Atque,
373 884 405 928 ut
417 873 477 947 ejus
491 874 598 930 diversa
620 874 713 930 studia
735 874 764 930 in
786 873 915 930 dissimili
930 874 1039 930 ratione
1051 893 1112 949 per·

158 948 267 1022 spicere
278 949 406 1021 possitis,·
426 967 510 1004 nemo
518 960 561 1004 est
569 949 598 1005 in
606 949 674 1006 ludo
683 949 849 1023 gladiatorio
857 946 941 1023 pauld
952 950 988 1006 ad
1000 949 1110 1006 facinus

158 1024 301 1092 audacior,
314 1024 361 1095 qui
376 1043 407 1079 se
423 1043 479 1082 non
494 1025 624 1081 intimum
645 1024 776 1082 Catilina
791 1045 854 1082 esse
869 1026 1004 1110 screatum
1025 1045 1110 1084 nemo

156 1099 186 1154 in
199 1099 287 1154 scenri
297 1098 383 1156 levior
393 1110 422 1155 et
432 1101 558 1173 nequior,
572 1101 663 1174 quise
678 1119 736 1156 non
745 1100 873 1175 ejusdem
883 1097 971 1175 propri
985 1101 1109 1158 sodalem

156 1175 241 1230 snirse
256 1187 464 1232 commemoret.
505 1177 600 1249 Atque
615 1177 691 1245 idem
704 1187 810 1248 mmen,
824 1187 869 1233 stu
889 1194 985 1234 rorum
1001 1187 1030 1234 et
1050 1195 1110 1234 sce·
1126 1187 1157 1238 10

154 1249 244 1308 lerum
263 1252 465 1308 exercitatione
485 1253 669 1322 assuefactus,
683 1252 795 1327 frigore,
810 1263 839 1310 et
859 1196 942 1322 dms,
956 1263 985 1310 et
1004 1253 1060 1323 siti,
1074 1272 1109 1310 ac

154 1328 257 1401 vigiliis
266 1328 450 1402 perferendis,
455 1329 536 1386 sortis
547 1329 583 1384 ab
591 1329 652 1386 istis
662 1329 877 1403 predicabatur,
885 1325 952 1386 cum
964 1329 1108 1386 industrie

155 1405 290 1475 subsidia,
304 1415 387 1478 atque
405 1405 591 1462 instrumenta
610 1405 730 1475 virtutis,
745 1405 775 1460 in
795 1405 913 1461 libidine
934 1405 1108 1478 audaciaique

154 1491 396 1553 consumerentur.

175 1609 177 1612 .
195 1555 283 1610 Hunc
297 1554 363 1612 verb
377 1558 401 1612 si
416 1558 460 1612 sui
474 1558 578 1613 suerint
591 1558 710 1614 comites
724 1557 830 1623 secuti3
851 1558 875 1612 ai
896 1577 933 1612 ex
952 1557 1021 1612 ur'oe
1035 1556 1109 1612 exie·
1125 1564 1158 1618 15

154 1633 212 1688 rint
225 1633 435 1706 desperatorum
446 1631 593 1690 homiuum
604 1631 735 1706 flagitiosi
745 1649 861 1706 gregem
874 1651 892 1688 ο
902 1651 954 1688 nos
965 1632 1077 1690 beatos!
1090 1651 1109 1688 o

153 1707 356 1782 rempublicam
377 1707 561 1764 fortunataml
581 1727 600 1765 o
618 1708 782 1782 preclaram
804 1707 916 1764 laudem
943 1707 1106 1766 consulatis

134 1785 232 1864 ,meil'
248 1783 315 1840 Non
328 1785 406 1840 euim
417 1784 475 1856 jam
488 1795 555 1840 suut
567 1785 727 1840 mediocres
738 1785 883 1840 hominum
894 1784 1037 1852 libidines,
1048 1803 1106 1840 non

154 1859 286 1914 humanae
304 1876 338 1912 ac
357 1858 508 1913 tolerando
529 1859 672 1912 audmiae:
693 1858 764 1913 nihil
784 1857 984 1931 cogitant,nisi
1004 1860 1118 1928 cades,

153 1934 208 1990 nisi
235 1933 378 2002 incendia,
399 1933 454 1988 nisi
480 1933 602 2006 rapinas.
642 1932 814 1989 Patrimonia
833 1951 884 1990 sua
907 1933 1106 2008 profuderunt:
1121 1939 1156 1996 20

153 2011 276 2068 fortunas
283 2028 349 2066 suas
358 2008 591 2082 abligurrierunt:
606 2027 651 2066 res
662 2027 711 2066 eos
716 2008 894 2083 jampridem,
906 2009 976 2066 fides
984 2009 1107 2068 delicere

152 2105 242 2162 nuper
253 2087 354 2161 coepit:
377 2087 477 2142 eadem
488 2095 583 2144 umen
594 2085 649 2156 illa,
657 2104 720 2158 quae
731 2095 790 2142 erat
803 2085 833 2142 in
847 2086 1031 2157 abundantii,
1045 2087 1107 2144 libi·

151 2165 188 2220 do
201 2173 353 2238 permanet.
391 2159 481 2222 Quod
495 2163 562 2218 siin
577 2162 643 2218 vino
656 2173 686 2218 et
699 2162 761 2218 aleb
782 2163 993 2220 comissationes
1009 2160 1105 2220 'solrim

151 2251 181 2296 et
193 2251 287 2298 scorta
300 2249 473 2312 quererent3
495 2248 590 2295 essent
603 2239 643 2294 illi
658 2239 773 2312 quidem
791 2239 978 2312 ‘desperandi3
999 2239 1050 2294 sed
1066 2252 1106 2294 ta·

152 2335 218 2374 men
235 2326 335 2372 'essent
355 2315 471 2372 ferendi.
512 2314 578 2372 Hoc
602 2311 669 2372 verb
695 2315 758 2389 quis
787 2315 858 2372 ferre
883 2315 979 2390 p‘ossit,
1001 2315 1105 2372 inertes
1118 2323 1175 2380 λς’

151 2393 280 2448 homines
290 2391 447 2450 fortissimis
457 2391 524 2448 viris
535 2392 672 2461 insidiari,
683 2391 860 2448 stultissimos
869 2391 1104 2467 prudentissimis,

150 2469 277 2528 ebriosos
285 2469 394 2539 sobriis,
405 2469 576 2526 dormientes
586 2469 786 2544 vigilantibusl
805 2469 863 2542 qui,
873 2469 953 2539 mihi,
965 2469 1104 2525 accuban-

151 2555 194 2600 tes
207 2546 237 2602 in
251 2546 397 2614 conviviis,
412 2544 550 2618 complexi
564 2545 698 2602 mulieres
711 2545 879 2618 impudicas,
891 2546 956 2602 vino
965 2545 1103 2618 languidi,

151 2620 278 2677 consecti
290 2621 366 2686 cibo,
379 2621 460 2674 sertis
473 2620 606 2687 redimiti,
619 2621 773 2691 unguentis
792 2620 881 2688 obliti,
895 2621 1030 2676 debilitati
1046 2632 1103 2676 stu-

150 2697 220 2772 pris,
235 2703 365 2754 eructant
377 2693 554 2748 sermonibus
566 2693 626 2747 suis
640 2694 747 2746 caedem
762 2694 911 2761 bonorum,
926 2705 1007 2764 atque
1020 2694 1104 2750 Urbis
1117 2703 1173 2766 3⁰⁸.

152 2773 295 2828 incendia.
364 2772 366 2776 ’

131 2877 137 2900 .·
189 2847 304 2908 Quibus
317 2865 370 2922 ego
382 2844 495 2902 confido
507 2845 671 2920 impendere
686 2845 773 2902 latum
793 2845 921 2920 aliqu0d;
941 2857 971 2904 et
994 2865 1102 2921 penas,

146 2925 255 3000 jamdiu
269 2922 447 2997 improbitati,
461 2923 603 2995 nequitie,
616 2922 725 2992 sceleri,
739 2922 849 2980 libidini
863 2923 981 2993 debitas,
1000 2934 1048 2980 aut
1061 2923 1103 2980 in·

148 3013 221 3058 stare
232 3002 291 3074 jam
303 2996 398 3074 plane,
413 3009 461 3054 aut
473 2996 550 3054 certe
562 2997 621 3072 jam
634 2999 865 3071 appropinquare.
897 2997 980 3058 Quos
991 2999 1014 3054 si
1022 3018 1102 3056 meus

149 3078 320 3146 consulatus,
333 3075 464 3148 quoniam
477 3093 576 3130 sanare
589 3092 646 3130 non
659 3083 759 3146 potest,
770 3073 927 3139 sustulerit;
948 3092 1005 3128 non
1017 3075 1101 3130 breve
1115 3085 1149 3138 85

148 3153 332 3226 nescioquod
346 3162 465 3224 tempus,
478 3150 528 3205 sed
541 3149 629 3204 multa
637 3149 751 3218 saecula,
761 3149 919 3222 propagairit
932 3147 1100 3221 reipublice.

148 3229 235 3284 Nulla
247 3239 290 3284 est
303 3227 380 3283 enim
399 3225 485 3295 natio,
499 3243 583 3298 quam
603 3225 849 3297 pertimescamus:
869 3223 963 3279 nullus
978 3242 1036 3292 rex,
1053 3225 1101 3297 qui

22 3315 64 3351 f
150 3301 254 3356 bellum
268 3301 371 3374 populo
383 3301 515 3356 Romano
528 3300 620 3355 facere
640 3300 736 3372 possit.
761 3295 882 3354 ’Omnia
901 3309 967 3354 sunt
986 3311 1102 3356 externa

5 3353 236 3486 Qunius
245 3375 344 3428 virtute
352 3375 425 3429 terrai
432 3375 556 3447 marique
564 3385 676 3448 pacata:
687 3375 872 3430 domesticum
880 3373 984 3428 bellum
990 3385 1099 3432 manet:

52 3444 70 3500 l·
131 3493 135 3504 ,
149 3449 226 3508 in'tus
235 3447 345 3504 insidiae
354 3457 432 3502 sunt:
443 3450 518 3503 intus
526 3450 665 3522 inclusum
674 3448 831 3522 periculum
839 3458 894 3503 est:
905 3448 980 3504 intus
988 3461 1030 3504 est
1039 3450 1101 3506 hos·
1114 3459 1148 3510 tc

149 3527 194 3583 tis.
224 3525 299 3580 Cum
308 3520 515 3589 luxuridnobis,
523 3523 729 3589 cumamentid,
737 3538 802 3576 cum
811 3521 924 3592 scelere;
935 3523 1099 3580 certandum

102 3623 106 3629 ·
148 3611 200 3658 esc
232 3599 311 3654 Huic
323 3615 378 3671 ego
390 3613 437 3651 me
450 3595 532 3664 bello,
541 3595 680 3665 Quirites,
692 3593 821 3669 profiteor
835 3597 955 3664 ducem;
977 3599 1100 3670 suscipio
1136 3627 1139 3634 ·

148 3674 313 3735 inimicitias
322 3671 467 3730 hominum
477 3671 655 3745 perditorum,
694 3670 770 3730 Qua
780 3671 871 3728 sanari
884 3681 1023 3744 poterunt,
1032 3671 1100 3741 qud·

148 3767 262 3826 cunque
275 3748 385 3808 ratione
397 3745 521 3806 morbo:
540 3763 603 3821 quae
616 3748 771 3806 resecanda
781 3757 874 3815 erunt,
888 3764 945 3800 non
958 3743 1048 3816 patiar
1061 3739 1099 3792 ad
1206 3819 1208 3824 ,
1260 3821 1261 3826 η

42 3489 55 3522 3.
