2542 4212
429 393 553 447 ORATIO
569 397 590 446 l.
608 399 649 447 IN
665 394 695 446 1..
714 395 921 452 coturnati.
1158 402 1180 458 9

170 532 256 591 armis
269 543 346 590 certo
359 532 405 592 die
420 535 483 611 (qui
497 539 559 594 dies
578 539 688 596 tuturus
701 548 776 594 esset
793 537 950 594 antediem
962 535 1013 592 VI.
1028 535 1132 594 Galea·

170 610 222 666 das
235 608 465 687 Novembris).0.
480 612 631 681 Manlium,
645 613 771 668 audaciae
785 613 932 668 satellitem
947 623 1029 686 atque
1043 614 1132 670 admi·

152 691 154 696 “
170 685 291 743 nistrum
304 688 382 742 tusrl
416 687 495 743 llum
508 707 556 743 me
569 687 675 758 fefellit,
689 688 822 757 Catilina,
837 688 895 744 non
909 685 992 744 modd
1007 707 1052 745 res
1069 701 1131 746 tan·

169 771 209 831 ta,
222 771 280 817 tarn
301 773 388 832 atrox,
406 773 464 818 tam
478 763 661 832 incredibilis,
675 761 840 838 verdm'(id,
854 764 929 836 quod
939 761 1025 819 multd
1040 765 1130 839 magis

99 853 101 858 ·
169 837 435 912 estadmirandum)
451 839 530 893 diesi
570 836 638 892 Dixi
653 855 709 910 ego
722 838 798 892 idem
811 839 842 892 in
852 849 966 908 senatu,
977 841 1083 896 cedem
1100 851 1130 896 te
1161 855 1180 907 5

90 913 337 986 freeptimatum
356 913 511 970 contulisse
527 913 556 969 iu
578 913 732 968 antediem
747 912 934 990 V.·Calendas
954 912 1131 986 Novembris,

169 998 241 1056 tum,
255 985 323 1043 ciam
336 987 417 1048 multi
430 989 571 1061 principes
584 988 705 1043 civitatis
719 987 825 1058 Romi,
843 1006 900 1044 non
922 999 978 1044 tarn
999 990 1042 1044 sui
1064 1008 1133 1047 con-

170 1063 310 1131 servandi,
330 1060 413 1134 qudrn
431 1072 544 1120 tuorum
564 1063 745 1119 consiliorum
769 1065 1021 1138 reprimendorum,
1043 1065 1131 1122 causi

168 1138 361 1212 profirgerunt.
401 1137 481 1194 Num
495 1139 616 1196 inficiari
629 1151 718 1212 potes,
731 1149 760 1194 te
773 1139 822 1195 illo
832 1141 894 1216 ipso
909 1142 965 1210 die,
979 1141 1050 1196 meis
1063 1160 1132 1215 pne·

169 1214 260 1283 sidiis,
282 1213 347 1270 meri
368 1214 516 1288 diligentie
539 1215 768 1286 circumclusum,
792 1229 967 1274 commovere
989 1226 1017 1272 te
1034 1229 1131 1274 contra
1146 1233 1181 1284 10

168 1290 370 1362 rempublicam
393 1307 452 1346 non
475 1292 622 1364 potuisse3
650 1288 717 1347 edm
738 1302 780 1361 tu,
801 1291 928 1347 discessu
955 1302 1130 1363 ceterorum,

168 1366 265 1498 pirpsqd
286 1375 391 1498 qamen,
408 1367 457 1440 qui
471 1367 713 1438 remansissemus,
735 1367 813 1424 carde
834 1365 999 1424 contentum
1019 1379 1048 1424 te
1068 1387 1131 1425 esse

199 1460 233 1498 ce
253 1461 285 1498 as

206 1517 309 1578 Quidt
330 1516 397 1576 citro
413 1531 445 1578 tu
463 1531 492 1578 te
512 1519 656 1578 Praeneste
671 1520 807 1578 Calendis
822 1521 890 1596 ipsis
903 1521 1072 1578 Novembris
1084 1537 1131 1578 oc·

170 1606 336 1724 cupaturum
350 1593 493 1682 nocturno
504 1598 852 1728 immtplemgquprdqqprqp
861 1597 1131 1728 qlqpnsliqtipsegeilffi
1147 1599 1181 1652 15
1197 1691 1199 1698 γ

169 1688 311 1803 roritdiiiim
318 1689 489 1821 ffiffi
498 1691 698 1818 diliilfflmliliris,
707 1748 778 1804 nihil
793 1691 993 1822 dogffinffiffl
1007 1767 1060 1822 ego
1072 1765 1131 1803 non

168 1819 253 1896 modd
267 1841 325 1878 non
338 1824 460 1893 audiarn,
475 1825 623 1880 sedetiam
637 1842 694 1880 non
703 1825 822 1894 videam,
836 1820 976 1897 planeque
988 1826 1116 1880 sentiam.

208 1897 261 1952 lv.
301 1898 489 1970 Recognosce
510 1899 624 1954 tandem
641 1917 754 1954 mecum
774 1911 888 1954 noctem
912 1899 992 1968 illam¹
1009 1899 1132 1970 superio-

170 1989 247 2029 rem:
265 1971 324 2045 jam
351 1971 492 2044 intelliges
515 1969 604 2026 multo
625 1990 672 2026 me
695 1973 821 2045 vigilare,
831 1969 926 2028 acrius
947 1973 982 2026 ad
1003 1973 1131 2043 salutem,
1145 1975 1181 2028 2⁰

169 2044 255 2121 qudm
269 2047 347 2105 tead
360 2047 526 2119 perniciem,
540 2047 717 2119 reipublice..
751 2046 826 2103 Dico
843 2057 872 2102 te
891 2047 976 2120 priori
991 2058 1074 2104 nocte
1087 2067 1133 2104 ve-

64 2125 67 2138 '
169 2123 246 2180 nisse
260 2123 333 2177 inter
343 2121 472 2176 falcarios
483 2120 553 2194 (nen
568 2119 796 2198 agam-obscure)
808 2121 887 2178 ιιι-Μ.
896 2123 988 2180 Laecae
1001 2125 1131 2193 domum3

169 2198 335 2256 convenisse
356 2193 459 2252 eddern
481 2196 637 2269 complures
660 2196 787 2270 ejusdem
809 2201 940 2258 arnentne
962 2199 1132 2273 scelerisque

166 2275 269 2332 socios.
310 2272 389 2329 Naro
409 2290 515 2346 negare
531 2273 639 2328 audesl
677 2271 758 2330 Quid
782 2275 885 2342 tacele
907 2276 1083 2345 convincam,
1107 2277 1132 2332 si

169 2368 274 2424 negas:
295 2349 377 2406 video
393 2349 471 2406 enim
489 2366 551 2405 esse
570 2346 619 2404 hic
641 2347 671 2404 in
685 2358 785 2404 senatu
804 2349 950 2422 quosdam,
971 2351 1021 2422 qui
1037 2361 1131 2408 tecum
1145 2356 1182 2410 25

172 2423 334 2482 audiuere.
566 2475 663 2498 ,
714 2448 782 2501 ,μη
808 2429 888 2502 ,mit
922 2457 962 2484 ιιι
1049 2453 1051 2460 v

206 2501 238 2558 ,Ο
260 2501 309 2558 Dii
330 2503 515 2560 immortales!
536 2503 651 2562 ubinam
663 2503 797 2578 gentium
811 2508 928 2562 sumusl
949 2505 979 2560 in
992 2504 1048 2578 qud
1061 2505 1132 2561 urbe

170 2579 310 2636 vivimusl
330 2599 414 2656 quam
435 2581 637 2654 rempublicam
658 2582 815 2638 habemus?
855 2580 925 2652 Hic,
941 2579 989 2636 hic
1011 2592 1086 2651 sunt,
1101 2581 1131 2636 in

171 2665 266 2712 nocuo
279 2673 406 2726 numero,
420 2656 518 2718 Patres
532 2657 702 2731 conscripti,
717 2659 746 2714 in
762 2659 817 2714 hoc
831 2657 906 2714 orbis
919 2669 1001 2714 terre
1015 2657 1133 2714 sanctis-

172 2732 246 2790 simo
266 2731 485 2804 gravissimoque
505 2733 631 2800 consilio,
644 2734 692 2804 qui
714 2735 750 2788 de
768 2745 833 2790 meo
846 2734 1028 2806 nostrumque
1042 2733 1132 2790 omni·
1145 2737 1182 2790 3⁰

171 2825 221 2864 um
235 2807 361 2876 interitu,
379 2807 428 2880 qui
447 2807 483 2862 de
501 2806 584 2879 hujus
602 2807 689 2876 urbis,
704 2818 784 2880 atque
803 2806 874 2866 aded
893 2810 969 2866 orbis
985 2820 1132 2879 terrarum,

131 2917 137 2924 ·
169 2883 258 2945 exitio
271 2882 402 2956 cogitent.
451 2881 548 2940 Hosce
571 2901 624 2957 ego
644 2884 726 2940 video
745 2886 854 2955 consid,
878 2887 964 2942 etde
986 2884 1133 2959 republici
1171 2885 1172 2890 ’

171 2960 338 3016 sententiam
353 2978 437 3033 rogo:
458 2970 496 3030 et,
510 2978 580 3032 quos
594 2959 812 3017 serrotrucidari
827 2963 980 3036 oportebat,
995 2981 1043 3018 eos
1061 2979 1133 3016 non·

170 3036 240 3092 dum
254 3055 323 3092 voce
345 3036 484 3092 vulneres
510 3035 603 3090 Fuisti
628 3036 713 3106 igitur
738 3037 816 3108 apud
836 3036 950 3094 Laecam
970 3037 1020 3102 illia¹
1037 3047 1131 3107 nocte,

157 3111 315 3168 ·Catilina:
337 3111 503 3166 distribuisti
527 3121 621 3182 partes
638 3109 746 3165 Italiae:
767 3111 897 3179 statuisti,
920 3110 976 3182 qud
992 3131 1131 3186 quemque
1145 3119 1181 3174 35

168 3188 310 3262 proficisci
330 3186 472 3260 placeret:
494 3185 632 3258 delegisti,
651 3203 720 3258 quos
740 3183 843 3241 Rome
862 3185 1042 3258 relinqueres,
1063 3207 1132 3260 quos

169 3274 264 3320 tecum
278 3265 434 3320 educeres:
456 3261 629 3335 descripsisti
646 3261 727 3338 ‚urbis
743 3271 836 3335 partes
849 3262 885 3316 ad
895 3261 1047 3318 incendia:
1067 3281 1133 3320 con·

170 3339 298 3411 firmitati,
311 3351 340 3396 te
361 3341 454 3414 ipsum
472 3337 531 3412 jam
552 3355 614 3394 esse
635 3339 792 3394 exiturum:
813 3337 907 3394 dixisti
921 3333 1065 3412 paululum
1080 3341 1132 3398 tibi

171 3434 234 3472 esse
247 3417 333 3472 etiem
346 3427 406 3473 turn
421 3429 516 3484 rnorae,
532 3411 606 3488 qudd
621 3433 674 3489 ego
687 3415 817 3471 viverem.
858 3413 977 3487 Reperti
997 3427 1063 3472 sunt
1076 3418 1133 3474 duo

170 3492 282 3566 equitus
296 3491 432 3560 Romani,
442 3491 489 3564 qui
504 3501 533 3547 tc
547 3491 601 3548 isti
615 3492 685 3548 curri
698 3491 859 3558 liberarent,
873 3500 902 3568 et
922 3509 995 3561 sese,
1009 3492 1057 3548 ills
1070 3493 1132 3566 ipsi
1145 3502 1182 3554 40
1234 3503 1236 3508 ’

170 3579 264 3638 nocte,
278 3566 364 3642 paulo
374 3577 439 3623 ante
452 3568 556 3638 lucem,
570 3587 615 3626 me
630 3568 660 3625 in
674 3586 738 3624 meo
745 3565 850 3622 lectulo
863 3562 1060 3629 interfecturos
1073 3569 1133 3644 pcl-

169 3644 331 3704 licercutur.
371 3642 445 3698 Ilaec
458 3661 512 3718 ego
524 3645 628 3713 amnia,
639 3644 773 3712 vixdum
794 3643 879 3699 etiam
893 3655 968 3699 eoetu
982 3655 1075 3700 vestro
1092 3645 1134 3698 di·

99 3722 103 3729 '
170 3721 267 3790 misso,
282 3720 425 3792 comperi:
445 3720 561 3774 doctum
583 3737 675 3776 meam
698 3718 1009 3792 maJ'oriLusproesidiis
1023 3719 1132 3774 munivi

167 3806 253 3878 etque
266 3795 391 3856 firmari:
412 3795 522 3862 exclusi
544 3813 602 3868 ecs,
616 3813 685 3879 quos
707 3806 739 3862 tu
761 3792 846 3854 mand
867 3795 904 3857 ed
923 3794 1133 3859 meseluttium
