2542 4212
356 285 491 378 olum
506 286 576 341 rso
591 289 629 342 bl.
645 289 848 346 mucetum.
1096 297 1137 358 O

164 431 203 490 X.
239 431 364 487 Diversa
378 431 535 488 vduutstes
548 434 654 490 civium
667 433 789 505 fuerunt,
810 433 1005 508 distractoque
1019 451 1085 492 sen·
1151 483 1155 491 .

127 511 223 566 tentiae
236 511 253 563 :'
262 526 319 564 non
331 508 408 563 enim
422 509 550 564 consiliis
563 506 652 566 solum
665 521 694 566 et
711 513 821 581 studiis,
836 513 885 568 sed
899 513 983 568 ermis
996 513 1083 570 etism

128 597 158 642 et
177 585 284 651 cestris,
305 584 519 640 dissidebamus.
561 582 629 642 Erat
650 596 744 642 sutem
764 588 922 646 obscuritas
942 590 1082 661 quedem,
1163 631 1169 644 .

98 671 187 718 'eret
213 671 356 719 certamen
382 661 454 716 iuter
481 660 651 729 durissimos
674 663 779 719 duces:
802 664 882 720 multi
909 663 1082 734 dubitabunt,

127 739 192 812 quid
205 738 343 812 optimum
358 747 447 804 esset;
468 737 559 806 multi,
573 738 641 810 quid
660 739 714 793 sibi
728 757 762 794 ex
821 740 890 808 iret;
913 739 1003 808 multi,
1015 739 1083 814 quid
1103 745 1122 798 5

129 815 259 880 deceret3
273 811 405 872 nonnulli
418 814 514 882 etiem,
528 814 595 885 quid
611 813 719 870 liceret.
759 739 912 871 &suumn
925 809 1097 889 respublics,

129 901 173 946 est
183 892 239 946 boc
251 890 358 944 misero
378 888 506 962 letalique
526 889 613 945 bello:
635 890 702 946 vicit
723 890 756 960 is,
776 892 895 963 quinon
911 891 1021 947 lortuud
1042 893 1084 948 in·

130 965 285 1039 flammsret
297 965 391 1021 odium
406 983 497 1034 suum,
512 965 562 1020 sed
577 963 700 1021 bonitate
713 965 830 1034 leniret;
851 985 906 1024 ccc
915 967 963 1040 qui
973 985 1082 1037 omnes,

129 1043 230 1115 quibus
250 1042 336 1096 irenis
348 1051 432 1111 esset,
456 1042 570 1098 eosdem
584 1041 668 1097 etism
689 1042 790 1099 exsilio
813 1053 861 1098 cut
874 1055 962 1099 morte
981 1043 1083 1117 dignos

128 1117 275 1193 judicaret
317 1118 407 1173 Arme
428 1117 464 1172 sb
478 1117 540 1172 aliis
560 1117 660 1190 posite,
675 1117 711 1172 sb
724 1117 787 1174 eliis
808 1129 903 1196 erepte
923 1129 996 1174 sunt
1037 1117 1085 1174 Iu·
1100 1122 1133 1176 10

128 1206 223 1269 gratus
238 1203 281 1250 est
291 1193 467 1266 injustasque
480 1193 560 1262 ciris,
574 1193 632 1266 qui,
647 1187 786 1249 ermor'um
801 1194 929 1268 periculo
938 1193 1083 1264 liberatus,

127 1271 252 1328 ssimum
266 1282 362 1326 tamen
373 1270 476 1326 retinet
490 1276 627 1324 armatum
638 1287 651 1335 5
661 1277 691 1324 ut
705 1270 789 1325 etism
801 1269 847 1325 ille
861 1270 898 1326 sit
912 1271 1020 1340 melior,
1034 1269 1082 1343 qul

128 1348 233 1404 inscie
247 1346 363 1415 cecidit,
383 1347 431 1432 qui
446 1347 476 1402 ln
489 1343 578 1402 cetui
598 1345 722 1400 animem
742 1343 872 1419 proludit.
913 1345 990 1406 Quc
1004 1347 1082 1402 enirn

128 1424 285 1498 pertinacia
303 1423 489 1496 quibusdum,
500 1423 599 1477 ecdem
616 1421 680 1477 eliis
693 1423 861 1491 constantis,
882 1423 970 1478 videri
984 1428 1082 1496 potest.

128 1501 189 1572 Sed
200 1500 259 1572 jam
272 1499 365 1554 omnis
378 1497 466 1552 fracte
477 1497 617 1554 dissensio
636 1505 679 1553 est
693 1499 788 1566 armis,
808 1507 836 1552 et
849 1499 988 1553 exstincta
1001 1497 1086 1570 equi-
1099 1507 1134 1559 1⁵

128 1587 187 1632 tete
202 1575 329 1632 victoris:
343 1583 437 1643 restat,
451 1583 482 1629 ut
496 1591 594 1629 omues
607 1591 695 1628 unum
709 1574 806 1642 veiint,
820 1574 867 1646 qui
881 1571 966 1630 modd
982 1573 1086 1629 hebent
1122 1617 1128 1630 .

127 1651 316 1725 aliquid,‘non
337 1647 426 1706 solum
441 1649 594 1724 sapientie,
615 1650 663 1705 sed
684 1649 769 1706 eti‘sm
791 1649 927 1706 seuintis.
967 1649 1032 1706 Nisi
1046 1659 1084 1719 te,

127 1729 163 1784 G.
178 1728 284 1797 Cestr,
306 1727 392 1796 selvo,
412 1727 484 1782 etin
505 1727 559 1782 isu
580 1725 731 1795 sententii,
745 1725 801 1799 qui
826 1724 892 1782 edm
907 1737 1000 1796 entes,
1023 1737 1086 1782 tum

130 1805 217 1860 hodie
231 1803 282 1858 'vel
299 1799 423 1864 maxime
443 1813 511 1857 usus
534 1819 577 1871 es,
590 1807 731 1872 innuente,
752 1801 821 1857 salvi
840 1821 901 1858 esse
914 1819 972 1858 non
989 1816 1086 1874 possu-

129 1893 204 1936 mus.
244 1879 344 1938 Quare
357 1895 455 1934 omnes
469 1887 507 1948 te,
526 1878 574 1950 qui
586 1878 649 1934 bec
662 1878 737 1934 sslvs
750 1896 813 1934 esse
827 1877 962 1946 volumus,
983 1887 1012 1933 et
1026 1877 1087 1933 hor·
1099 1873 1135 1928 ut

128 1968 222 2013 tamur
248 1965 277 2012 et
302 1955 491 2024 obsecramus,
518 1965 550 2011 ut
576 1955 650 2025 rite,
677 1965 715 2011 ut.
728 1955 828 2025 saluti,
852 1965 908 2011 tute
935 1953 1085 2010 consules:

128 2051 283 2107 omnesque
292 2031 357 2108 tibi,
383 2031 428 2107 (ut
441 2051 491 2106 pro
504 2031 568 2088 eliis
591 2031 676 2088 etiem
695 2031 802 2106 loquar,
816 2032 889 2106 quod
910 2033 946 2088 de
960 2049 1005 2088 me
1026 2032 1085 2106 ipse

128 2109 245 2186 sentio).
255 2110 387 2183 quonium
401 2109 516 2165 subesse
537 2107 641 2180 aliquid
654 2111 747 2183 putes,
768 2109 843 2182 quod
867 2109 1025 2164 cavendum
1039 2108 1085 2177 sit,

25 2247 26 2252 ἵ
127 2190 192 2242 non
202 2183 289 2242 modd
304 2186 439 2242 excubias
458 2185 654 2258 etcustodias,
669 2186 818 2242 sedetiam
839 2185 958 2242 luterum
979 2193 1087 2244 nostro·

129 2272 198 2318 'rum
207 2263 352 2337 oppositus
366 2273 395 2319 et
408 2275 566 2339 corporum,
580 2265 753 2340 pollicemur.
1099 2269 1135 2326 25

166 2339 223 2394 xl.
259 2340 326 2410 Sed,
349 2341 427 2396 unde*
453 2351 496 2397 est
519 2359 591 2412 orsa,
617 2343 646 2398 in
673 2346 772 2400 eodem
795 2345 961 2404 terminetur
986 2343 1083 2402 oratio.

127 2413 341 2484 Maximss;'tibi
367 2435 467 2473 omnes
494 2419 598 2492 gratiss
624 2421 744 2494 agimus,
769 2421 802 2477 C.
824 2422 939 2490 Cesum
966 2421 1086 2496 majores

127 2492 215 2546 etiam
227 2493 373 2548 habemus.
414 2493 443 2548 N
446 2513 491 2550 am
505 2509 604 2550 omnes
617 2495 693 2552 idem
707 2497 846 2565 sentiunt;
861 2499 934 2572 quod
948 2517 982 2554 ex
996 2498 1086 2554 omni·

127 2575 179 2622 urb
193 2568 326 2639 precibus
337 2579 368 2644 et
379 2567 512 2639 lucrymis
525 2571 636 2624 sentire
641 2573 762 2643 potuisti.
803 2573 872 2644 Sed,
892 2575 1028 2646 quianon
1043 2584 1087 2629 est

127 2642 273 2698 stantibus
294 2642 427 2696 omnibus
442 2653 559 2696 necesse
580 2645 693 2712 dicere;
715 2659 788 2704 nme
809 2645 886 2704 certis
901 2647 959 2702 dici
980 2646 1086 2716 volunt,
1100 2651 1135 2706 &l

45 2742 47 2746 ·
124 2719 319 2774 cui-necesse
340 2726 383 2772 est
403 2717 618 2788 quodammodo,
636 2730 663 2775 et
679 2717 757 2794 'qudd
777 2724 882 2792 volunt,
903 2733 932 2778 et
944 2718 1022 2795 qudd
1040 2723 1087 2777 de-

125 2805 186 2862 oet,
214 2803 244 2848 et
272 2788 348 2865 qubd
377 2789 431 2866 (Μ.
459 2790 597 2864 Marcello
623 2813 639 2850 a
665 2807 693 2854 tc
718 2797 785 2853 huic
813 2797 905 2866 ordini
931 2796 1086 2872 populoque
1179 2809 1185 2822 ·

25 2933 27 2938 ¹
128 2866 265 2926 Romano
288 2879 317 2927 'et
343 2869 506 2943 reipublice
530 2869 650 2946 reddito)
675 2869 832 2946 [precipud
856 2875 885 2929 id
913 2893 930 2929 a
956 2893 1001 2930 me
1026 2873 1085 2930 fieri
1108 2919 1116 2934 .

126 2945 244 3022 debere]
257 2945 393 3019 intelligo.
427 2943 503 3015 Nm
514 2946 601 3001 laeteri
610 2959 719 3018 omnes,
732 2965 788 3004 non
799 2960 833 3004 ut
841 2951 877 3004 de
889 2950 974 3004 unius
984 2948 1086 3020 solum,

125 3023 178 3078 sed
199 3033 236 3080 ut
262 3023 298 3078 de
320 3021 480 3078 'communi-
494 3023 620 3078 omnium
641 3023 742 3093 salute,
767 3025 872 3079 sentio:
894 3025 970 3096 quod
992 3036 1087 3080 nutem
1100 3039 1136 3092 35

124 3117 244 3155 summae
272 3097 477 3154 benevolentis
499 3107 551 3166 est,
577 3097 652 3176 (qnae
673 3115 739 3155 mes
765 3111 833 3174 erge
856 3098 933 3154 illum
957 3097 1088 3154 omnibus
1149 3121 1154 3132 «

127 3193 238 3249 semper
252 3186 320 3230 note
333 3173 396 3244 fuit,
417 3185 449 3230 ut
461 3175 507 3230 vix
521 3173 554 3230 Ο.
570 3172 718 3245 Marcello,
737 3175 842 3248 optimo
854 3185 883 3232 et
897 3173 1103 3252 amentissimo,

128 3249 219 3318 fratri,
230 3261 328 3322 preter
343 3259 410 3306 eunt
424 3249 550 3323 quidem,
571 3252 703 3312 cederem
718 3251 840 3326 nemini)
849 3275 853 3282 ·
862 3247 929 3305 cum
940 3253 972 3306 id
987 3250 1088 3306 sollici·

127 3325 242 3393 tudine,
265 3327 343 3394 curi,
364 3327 459 3384 labore
482 3327 592 3383 tamdiu
615 3325 804 3401 prestiterim,
827 3325 962 3398 quamdiu
985 3334 1028 3382 est
1051 3327 1087 3384 de

123 3401 209 3458 illius
230 3401 320 3476 solute
342 3402 513 3472 dubitatum,
533 3401 610 3458 certe
633 3405 688 3460 boc
709 3413 844 3472 tempore,
865 3403 977 3476 mugnis
1001 3403 1088 3474 curis,
1102 3415 1138 3469 ιο

125 3477 277 3547 molestiis,
302 3477 444 3534 doloribus
462 3477 607 3549 liberatus,
629 3487 761 3552 praestcre
784 3475 881 3534 debeo.
922 3477 1031 3552 Itaque,
1053 3479 1087 3534 Ο.

125 3555 237 3625 Caestsr,
252 3554 295 3610 sic
316 3554 367 3610 tibi
381 3555 485 3629 gratias
506 3571 569 3630 ugo,
583 3565 624 3623 ot,
648 3551 840 3612 omnibusme
854 3555 938 3612 rebus
961 3565 1018 3612 ate
1032 3571 1090 3611 non
1175 3607 1178 3614 ,

123 3641 297 3691 conservato
319 3629 419 3706 solum,
443 3631 493 3688 sed
514 3631 599 3687 etiam
620 3627 731 3696 οηιὲιῑο,
751 3637 845 3688 tamen
867 3633 909 3688 ad.
922 3643 972 3689 tua
992 3632 1022 3685 in
1044 3644 1089 3706 me

123 3715 216 3766 unum
231 3698 451 3765 innumerabilis
471 3707 580 3774 merita,
596 3703 683 3777 (quod
696 3703 756 3759 fieri
774 3707 832 3780 jam
846 3723 928 3778 posse
947 3719 1005 3758 non
1019 3697 1091 3750 arbr-

124 3787 233 3874 tribur)
249 3785 392 3844 mcxiiiius
405 3782 461 3848 boc
474 3793 524 3838 tuo
537 3778 612 3843 'fecto
624 3777 755 3841 cumulus
768 3777 928 3839 occesserit·
1106 3763 1140 3824 45
