2542 4212
134 303 171 368 1'4
408 309 877 357 onnrrorrnrtcnrrurnnu.

181 466 237 522 quo
250 449 335 505 mam
349 449 470 521 aquilam
484 449 560 504 illam
574 459 735 522 argenteam
750 446 848 522 (quarn
861 446 912 504 tibi
926 465 961 502 ac
982 447 1038 502 tuis
1052 449 1141 504 omni·

182 523 235 578 bus
248 524 435 598 perniciosam
450 543 512 580 esse
526 525 636 596 confido
650 536 678 580 et
691 525 838 580 funestam·
852 523 984 592 futuram,
998 523 1046 578 cui
1064 524 1140 580 domi

181 608 238 654 tua
252 599 405 656 sacrarium
419 600 556 656 scelerum
570 611 680 656 tuorum
695 601 879 656 constitutum
890 598 956 674 fuit)
972 598 1059 653 sciam
1076 617 1138 654 esse

180 676 360 748 praemissam.
401 675 449 730 Tu
461 687 493 732 ut
503 676 551 732 illd
565 674 671 732 diutius
685 694 780 732 carere
794 676 894 748 possis,
905 693 989 747 quarn
1002 675 1139 744 venerari,

153 751 216 813 5ad
231 753 337 806 caedem
345 751 536 825 proficiscens,
547 753 675 808 solebasl
697 771 713 806 a
727 753 809 829 cujus
823 751 956 806 altaribus
970 769 1045 822 saepe
1058 751 1139 806 istam

123 883 126 890 Δ
180 825 219 882 im
240 827 295 882 iam
310 827 436 882 dextram
451 829 487 881 ad
500 847 600 882 necem
615 829 720 883 civium
734 827 909 902 transtulisti.
1068 883 1074 894 ,

250 943 256 955 .
290 901 349 960 Ibis
363 902 477 955 tandem
491 899 650 973 aliquando,
665 900 721 973 qud
735 913 763 956 te
775 903 943 974 jampridem
957 912 1005 957 tua
1018 902 1070 957 ista
1091 920 1139 956 cu·

178 975 281 1048 piditas
295 975 437 1031 effraenata
451 995 484 1032 ac
499 977 602 1032 furiosa
616 978 749 1050 rapiebat.
768 1009 776 1015 ν
789 976 890 1048 Neque
912 979 988 1032 enim
1004 977 1055 1032 tibi
1077 978 1138 1032 haec

179 1069 224 1106 res
238 1051 317 1108 affert
328 1051 517 1122 dolorem‚sed
531 1055 671 1123 quandam
684 1051 878 1108 incredibilem
888 1053 1055 1126 voluptatem
1069 1071 1075 1106 :
1103 1053 1139 1107 ad

131 1125 254 1191 lobene
272 1138 299 1184 te
320 1128 470 1184 amentiam
491 1139 590 1184 natura
602 1130 718 1202 peperit,
733 1129 860 1184 voluntas
875 1129 1010 1195 exercuit,
1028 1128 1140 1182 fortuna

180 1204 305 1258 servavit.
347 1203 500 1276 Nunquam
519 1215 550 1258 tu
564 1223 621 1260 non
636 1199 833 1273 modb'otium,
848 1205 948 1260 sedne
963 1204 1066 1259 bellurn
1080 1203 1140 1276 qui·

179 1278 253 1346 dem,
264 1279 319 1334 nisi
333 1279 481 1350 nefarium,
496 1279 663 1354 concupisti.
704 1279 815 1336 Nactus
826 1300 866 1350 es,
875 1299 911 1336 ex
919 1281 1045 1353 perditis,
1056 1290 1139 1352 atque

180 1353 215 1408 ab
228 1355 305 1411 omni
319 1374 375 1412 non
390 1353 473 1412 modo
488 1357 608 1428 fortuni,
622 1354 719 1413 verbm
733 1359 819 1413 etiam
840 1375 889 1430 spe
908 1356 1058 1426 derelictis,
1073 1373 1139 1410 con·

180 1428 272 1486 fletam
287 1433 474 1506 improborum
489 1453 613 1490 manum.

131 1509 165 1563 15
218 1505 277 1562 Hic
294 1519 325 1564 tu
340 1509 397 1582 quia
410 1510 508 1582 letitie
527 1509 687 1584 perfruere!
708 1511 811 1584 quibus
833 1509 944 1584 gaudiis
964 1507 1135 1564 exsultabis!

179 1584 283 1656 quanti
306 1587 336 1641 in
351 1587 492 1660 voluptate
507 1589 696 1644 bacchabere!
718 1585 795 1656 crim,
814 1587 843 1642 in
858 1597 935 1642 tanto
948 1603 1067 1640 numero
1080 1594 1140 1640 tuo-

179 1678 251 1729 rum,
265 1680 356 1734 neque
383 1663 480 1716 audies
504 1665 594 1717 virum
617 1665 721 1718 bonum
735 1680 904 1733 quenquam,
919 1680 1009 1733 neque
1023 1661 1138 1715 videbis.

180 1735 228 1790 Ad
239 1737 320 1813 hujus
334 1737 396 1792 vitae
406 1737 529 1792 studium
539 1738 666 1794 meditati
677 1737 716 1792 illi
727 1747 793 1792 sunt
805 1735 865 1809 (qui
880 1736 1021 1810 feruntur)
1031 1735 1139 1791 labores

179 1811 237 1879 tui3
257 1811 350 1886 jacere
366 1813 454 1884 humi,
469 1832 526 1870 non
542 1812 625 1870 modo
640 1815 675 1869 ad
688 1813 874 1868 obsidendum
889 1823 1026 1884 stuprum,
1041 1808 1140 1867 verum

130 1892 165 1946 20
180 1888 264 1944 etiam
287 1890 323 1944 ad
341 1889 451 1945 facinus
471 1891 652 1957 obeundum;
678 1890 802 1962 vigilare,
819 1907 875 1944 non
895 1885 985 1944 solium
1001 1889 1036 1944 ad
1055 1887 1140 1942 insid-

180 1965 296 2020 iandum
319 1983 418 2020 somno
445 1965 617 2033 maritorum,
636 1962 732 2018 verium
759 1965 843 2018 etiam
868 1964 948 2018 bonis
971 1964 1138 2017 occisorum.

180 2039 287 2109 Habes,
301 2039 350 2095 ubi
364 2048 486 2094 ostentes
506 2038 582 2093 illam
602 2039 763 2112 praeclaram
778 2031 854 2094 triam
868 2037 1032 2111 patientiam
1047 2038 1139 2110 samiS,

181 2115 299 2187 frigoris,
325 2115 425 2189 inopiae
449 2133 543 2170 rerum
567 2115 713 2183 omnium3
737 2114 838 2188 quibus
860 2125 888 2170 te
913 2114 990 2170 breui
1013 2125 1139 2188 ternpore

181 2191 342 2247 consectum
356 2211 418 2248 esse
432 2191 546 2247 senties.
582 2191 708 2248 Tantum
721 2191 827 2265 proseci
841 2188 989 2262 tum,ci1m
1003 2201 1037 2248 te·
1046 2211 1063 2246 a
1074 2209 1141 2262 cqn·

112 2269 166 2324 ..¹25
181 2267 272 2323 sulatu
295 2268 395 2341 repuli,
417 2278 448 2324 ut
461 2269 540 2324 exsul
562 2267 655 2343 potiirs
679 2280 796 2338 tentare,
810 2265 895 2342 quiam
916 2267 1015 2324 consul
1029 2285 1139 2337 vexare,

181 2344 382 2416 rempublicam
403 2363 515 2418 posses;
537 2356 619 2418 atque
643 2356 674 2402 ut
695 2346 733 2415 id,
748 2347 822 2418 quod
840 2356 914 2402 esset
932 2357 989 2401 ate
1004 2341 1139 2400 scelerate

181 2430 351 2492 susceptum,
365 2419 543 2477 latrocinium
557 2420 749 2496 potiusquam
764 2422 867 2478 bellum
881 2422 1079 2478 nominaretur.

219 2493 272 2550 XI.
307 2495 404 2568 Nunc,
425 2508 494 2554 uta
515 2518 570 2568 me,
585 2499 681 2555 Patres
703 2498 873 2572 Conscripti,
894 2497 1035 2571 quandam
1054 2513 1140 2570 prope

178 2570 281 2646 justam
295 2573 391 2649 patriae
405 2575 608 2648 querimoniam
632 2577 753 2638 detester
777 2595 810 2632 ac
834 2577 983 2648 deprecer;
1004 2573 1139 2646 percipite

131 2655 166 2714 30
181 2647 305 2729 (quaeso)
321 2652 480 2728 diligenter,
494 2671 556 2726 quae
571 2653 679 2722 dicam;
701 2663 729 2709 et
749 2672 784 2710 ea
795 2652 910 2726 penitus
925 2650 1028 2706 animis
1041 2647 1141 2704 vestris

180 2731 376 2802 mentibusque
399 2730 538 2785 mandate.
579 2727 703 2796 Etenim,
717 2731 741 2782 si
755 2747 865 2784 mecum
879 2729 979 2800 patria,
992 2744 1054 2798 quae
1069 2725 1139 2781 mihi

181 2806 238 2861 vitri
252 2805 315 2860 meri
329 2803 416 2858 multo
431 2814 474 2857 est
488 2803 587 2870 carior,
602 2803 626 2856 si
640 2802 744 2856 cuncta
757 2801 846 2866 Italia,
861 2803 885 2855 si
898 2803 990 2856 omnis
1007 2800 1142 2875 respubli-

182 2899 218 2935 ca
240 2881 382 2952 loquatur:
404 2882 421 2906 “
432 2877 473 2931 M.
492 2875 582 2944 Tulli,
604 2877 671 2948 quid
693 2877 772 2948 agisl
793 2886 861 2930 tune
883 2893 959 2944 eum,
973 2895 1056 2946 quem
1079 2895 1141 2932 esse

182 2956 290 3010 hostem
312 2952 481 3026 comperisti,
495 2969 580 3023 quern
602 2953 705 3006 ducem
729 2951 795 3004 belli
820 2951 944 3005 futurum
957 2951 1044 3020 vides,
1058 2969 1141 3023 quem

133 3039 168 3092 35
183 3029 340 3103 exspectari
354 3029 548 3101 imperatorem
571 3027 600 3082 in
622 3027 721 3082 castris
742 3021 862 3081 hostium
885 3027 983 3096 sentis,
998 3037 1141 3082 auctorem

183 3107 307 3174 scolaria,
321 3105 477 3178 principem
487 3103 696 3175 conjurationis,
714 3113 889 3157 evocatorem
905 3121 1048 3158 servorum
1062 3113 1091 3157 et
1103 3104 1143 3158 ci-

184 3185 260 3239 vium
267 3181 446 3254 perditorum,
455 3179 530 3233 exire
545 3176 670 3251 patieris,
677 3188 708 3233 ut
718 3178 803 3232 abste
812 3196 870 3232 non
880 3177 1000 3232 emissus
1009 3197 1045 3232 ex
1054 3176 1141 3248 Urbe,

183 3258 233 3314 sed
247 3256 388 3312 immissus
402 3254 432 3308 in
447 3252 561 3323 Urbem,
576 3272 637 3309 esse
647 3254 794 3309 videaturl
828 3251 933 3309 Nonne
948 3254 1025 3308 hunc
1039 3253 1069 3308 in
1083 3253 1143 3308 vin·

178 3333 246 3389 cula
261 3332 337 3401 duci,
348 3349 406 3388 non
418 3331 453 3385 ad
467 3341 583 3386 mortem
597 3331 667 3403 rapi,
675 3349 732 3386 non
746 3348 854 3384 summo
868 3329 1005 3403 supplicio
1016 3329 1141 3399 mactari,

134 3417 170 3470 40
184 3409 354 3482 imperabisl
393 3406 474 3466 Quid
489 3407 603 3462 tandem
617 3407 735 3479 impedit
748 3407 795 3461 tel
816 3411 913 3461 mosne
928 3405 1086 3479 majoruml
1114 3416 1143 3460 at
1187 3473 1191 3480 ⁸

184 3503 308 3559 persepe
321 3486 406 3539 etiam
419 3483 517 3556 privati
537 3483 566 3540 in
581 3483 634 3538 hac
645 3481 789 3556 republica
803 3482 975 3554 perniciosos
983 3482 1058 3536 cives
1071 3499 1143 3536 mor·

184 3572 212 3618 te
222 3561 392 3616 multirunt:
403 3577 443 3614 au
456 3559 613 3632 legesque
627 3559 663 3614 de
678 3559 781 3614 civium
797 3558 992 3613 Romanorum
1004 3555 1142 3630 supplicio

178 3647 287 3710 rogatae
301 3636 386 3692 suntl
407 3644 436 3690 at
449 3651 591 3707 uunquam
606 3636 635 3690 in
650 3635 704 3690 hac
717 3635 785 3690 urbe
799 3633 829 3701 ii,
844 3633 891 3704 qui
906 3631 1081 3706 erepublica
1095 3631 1143 3685 de·

187 3711 324 3784 lecerunt,
344 3711 449 3768 civium
467 3709 531 3784 jura
550 3720 710 3768 tenuerunt.
750 3711 799 3765 An
817 3707 952 3764 invidiam
971 3706 1143 3783 posteritatis
1172 3768 1198 3778 ..
1264 3765 1265 3772 ,
