2542 4212
64 273 68 282 .
181 325 222 386 tu
393 327 396 332 ’
488 311 622 376 casuro
638 275 755 388 rada.
772 316 930 386 maimo.

269 463 353 535 Vide,
376 483 481 540 queso,
496 465 623 535 Tubero,
642 475 682 534 ut,
696 463 744 540 qui
759 463 793 520 de
816 479 880 530 meo
894 459 968 520 lacto
980 469 1037 522 110⁰
1055 441 1166 510 ‘llll-“³¹¹¹

229 537 335 612 dicere,
348 542 386 604 ,de
406 541 513 618 Ligarii
527 560 584 614 uon
605 541 724 602 audeam
745 537 880 612 coufiteri.
920 535 1015 606 Atque
1029 527 1167 606 hacardu-

212 625 306 672 'terea
328 617 364 672 de
377 635 424 674 me
437 620 506 690 dixi,
528 629 560 672 ut
572 617 642 672 mihi
662 616 788 683 Tubero,
807 611 874 669 crim
893 611 929 666 de
943 627 974 666 se
987 605 1083 663 eadem
1102 597 1167 653 dice

229 708 299 762 rem,
321 693 496 768 ignosceret:
518 693 600 768 cujus
623 711 676 767 ego
698 690 843 756 industriae
865 687 1016 770 gloriaequc
1039 667 1165 766 fayaqrd

196 770 339 842 Spropter
366 771 550 848 propinquam
573 769 780 843 cognationem,
808 766 851 832 uel
877 761 953 838 qudd
981 776 1041 847 ejus
1066 762 1166 838 lssssffll?

228 844 384 918 studiisque
398 847 531 916 delector,
550 847 592 900 rel
607 843 682 917 qudd
703 845 817 901 laudem
832 841 1018 908 adolescemus
1036 839 1166 907 P¹⁰ll¹¹¹ll¹¹¹

227 919 357 974 existimo
374 921 459 976 etiarn
473 923 508 976 ad
522 938 616 976 meum
636 920 755 990 aliquem
773 919 896 978 fructum
916 910 1082 978 redundare·
1120 978 1126 989 .

227 991 282 1048 hoc
306 1013 408 1070 quaero,
422 997 486 1070 quis
505 1006 585 1070 putet
605 1013 668 1052 esse
687 995 807 1063 crimen,
822 993 910 1048 fuisse
932 993 963 1048 in
980 984 1076 1050 Africi
1096 979 1167 1062 Ῑδέἒ·

227 1068 322 1126 riuml
356 1069 469 1146 Nempe
483 1073 517 1146 is,
538 1072 628 1146 quiet
649 1070 752 1144 ipsein
774 1070 874 1126 eddom
889 1068 993 1128 Africa
1012 1079 1072 1139 esst}
1084 1053 1166 1145 Y⁰l⁰¹lr

179 1147 213 1198 10
227 1156 256 1200 et
275 1147 446 1220 prohibitum
460 1169 491 1206 se
511 1169 528 1206 a
548 1147 664 1222 Ligario
685 1147 821 1220 queritur,
835 1155 864 1201 et
877 1141 955 1200 certe
982 1149 1078 1199 contra
1090 1143 1167 1206 tpsuffl

227 1221 370 1292 Cursarem
384 1235 427 1282 est
440 1243 608 1298 congressus
622 1233 753 1280 armatus.
794 1221 876 1284 Quid
890 1220 978 1290 enim,
991 1215 1116 1279 Tubero,
1128 1205 1167 1291 tle·

226 1296 340 1352 strictus
363 1298 410 1353 ille
431 1309 496 1356 tuus
510 1297 540 1356 in
562 1301 625 1356 acie
639 1297 800 1356 Pharsalici
822 1297 933 1371 gladius
958 1290 1080 1371 agebatl
1100 1296 1167 1355 σαμε

225 1369 298 1426 latus
312 1373 358 1430 ille
372 1392 471 1432 mucro
483 1377 617 1450 petebat?
637 1375 685 1448 qui
700 1393 800 1431 sensus
812 1384 872 1432 erat
892 1389 1036 1429 armorum
1049 1355 1168 1445 tuorunJl

224 1466 286 1522 quaa
310 1460 359 1506 tua
382 1454 484 1508 mensl
503 1453 602 1510 oculil
622 1453 744 1508 mauusl
765 1452 846 1508 ardor
867 1449 977 1518 animil
997 1445 1065 1522 quid
1087 1451 1168 1510 tuph*

177 1527 211 1580 15
226 1523 294 1582 basl
315 1528 382 1600 quid
395 1529 531 1604 optabasl
564 1528 660 1588 Nimis
674 1547 778 1604 urgeo:
801 1525 972 1594 commoveri
993 1523 1100 1586 videtur
1114 1511 1168 1580 ³40⁷

225 1601 354 1659 lescens:
376 1606 411 1660 ad
426 1624 471 1661 me
485 1618 622 1664 revertar:
643 1607 744 1666 iisdem
758 1605 787 1660 in
802 1604 888 1663 armis
901 1602 950 1668 fui.
1149 1663 1155 1674 ,

264 1676 315 1733 IV.
349 1678 430 1738 Quid
444 1692 537 1738 autem
553 1682 629 1738 aliud
650 1682 769 1753 egimus,
784 1679 901 1734 Tubero
914 1677 1032 1745 nisiut
1045 1668 1119 1745 quod
1131 1666 1170 1732 hrt
1232 1729 1234 1732 .

223 1762 326 1825 potest,
346 1773 397 1810 nos
417 1758 585 1832 possemusl
617 1755 749 1815 Quorum
776 1754 859 1828 igitur
886 1751 1048 1825 impunitas,
1072 1745 1170 1807 Caeaflh

224 1838 281 1886 tue
298 1829 457 1888 clementiae
478 1833 540 1891 leus
559 1843 610 1904 est,
628 1851 725 1893 eorum
747 1831 869 1905 ipsorum
887 1829 922 1884 ad
940 1825 1133 1888 crudelitatem
1148 1825 1170 1882 ll

174 1909 211 1964 2⁰
224 1917 307 1966 acuet
321 1909 431 1974 oratiol
463 1911 557 1984 Atque
573 1912 602 1968 in
618 1911 672 1974 hac
685 1908 772 1967 causi
786 1905 915 1964 nonnihil
929 1905 1070 1978 equidem,
1083 1895 1171 1980 Tube·
1233 1935 1234 1938 ,

223 1999 263 2049 ro,
276 1983 361 2036 etiarn
377 1997 463 2052 tuam,
477 1987 526 2039 sed
541 1983 629 2042 m'ultd
645 1985 735 2058 magis
747 1985 833 2056 patris
847 1983 897 2052 tui,
917 1980 1095 2055 prudentiam
1108 1973 1171 2028 dest·

221 2055 306 2121 der0;
327 2054 403 2126 qudd
425 2059 518 2127 homo,
539 2057 606 2117 cum
630 2059 745 2132 ingenio
765 2058 924 2116 tumetium
945 2054 1075 2122 doctrinis
1088 2044 1171 2134 crocl-
1232 2127 1233 2136 ἵ

220 2129 292 2200 lens,
305 2149 396 2206 genus
410 2133 465 2197 hoc
479 2152 571 2191 cause
600 2136 655 2192 uod
669 2145 752 2203 esset,
766 2152 823 2190 non
835 2133 935 2193 viderit
947 2152 953 2188 :
967 2152 1044 2204 nam,
1058 2130 1082 2188 si
1097 2125 1171 2188 vidie

222 2218 274 2278 set,
288 2209 384 2282 quovis
397 2207 534 2284 prosectd,
548 2155 633 2286 qulm
647 2213 699 2270 isto
712 2211 805 2281 modo,
819 2230 836 2268 a
849 2221 877 2268 te
891 2210 937 2285 agi
950 2211 1104 2278 maluisset.

172 2291 208 2344 25
262 2285 368 2360 Argitis
382 2287 524 2348 fatentem.
564 2289 631 2347 Non
646 2300 689 2346 est
702 2288 777 2344 satis.
818 2289 948 2349 Accusas
961 2305 1036 2358 eum,
1052 2283 1100 2359 qui
1113 2294 1172 2338 cau·
1231 2331 1232 2340 ,

222 2377 282 2416 sam
301 2361 396 2430 habet,
410 2376 467 2432 aut,
489 2377 521 2420 ut
541 2384 595 2438 ego
613 2366 687 2434 dico,
706 2365 851 2420 meliorem
869 2362 956 2436 qudm
970 2375 1010 2434 tu,
1026 2374 1087 2432 aut,
1103 2368 1133 2414 ut
1145 2365 1171 2441 tl}

178 2459 181 2468 Δ
220 2435 270 2503 vis,
292 2454 397 2512 parem.
439 2439 511 2496 Haeo
533 2458 590 2496 non
611 2438 694 2496 modd
718 2439 858 2506 mirabilia
878 2449 959 2504 sunt;
984 2439 1033 2504 sed
1054 2434 1171 2510 prodiga

220 2509 310 2568 simile
324 2524 376 2584 est,
390 2515 465 2590 quod
478 2515 580 2572 dicam.
621 2515 690 2572 Non
704 2515 788 2572 habet
806 2533 869 2572 eam
884 2514 940 2570 iim
955 2513 1010 2582 ista
1023 2510 1171 2574 accusatio,

219 2599 251 2644 ut
272 2588 311 2649 Q.
336 2589 467 2668 Ligarius
495 2595 709 2666 condemnetur,
731 2592 781 2649 sed
809 2603 841 2648 ut
861 2601 987 2650 necetur.
1027 2588 1094 2646 Hoc
1119 2583 1172 2659 egit

171 2675 207 2730 3ο
220 2666 291 2724 civis
314 2667 462 2729 Romam
484 2683 549 2730 ante
575 2682 603 2730 te
626 2691 718 2730 nemo.
755 2667 876 2740 ,Externi
902 2669 949 2726 isti
975 2677 1042 2738 sunt
1064 2676 1170 2722 mores:

220 2763 307 2818 usque
322 2747 357 2802 ad
374 2750 542 2822 sanguinem
556 2750 669 2808 incitari
684 2750 754 2807 solet
771 2749 868 2806 odium
884 2757 933 2804 aut
945 2745 1048 2802 levium
1062 2743 1172 2798 Graeco·
1229 2777 1230 2863 q

219 2839 291 2888 rum,
319 2831 367 2874 aut
390 2823 557 2879 immanium
584 2824 771 2878 barbarorum.
811 2821 887 2880 Na‘m
909 2823 976 2892 quid
999 2820 1075 2881 aliud
1096 2813 1171 2892 agial

220 2905 251 2946 ut
264 2893 364 2948 Romae
376 2912 413 2950 ne
428 2897 485 2948 sitl
506 2907 537 2950 ut
550 2896 634 2950 domo
647 2896 761 2954 careatl
781 2913 895 2957 aecum
906 2896 1020 2966 optimis
1034 2895 1170 2959 fratribus,

219 2985 256 3022 ne
278 2985 344 3024 oum
367 2968 422 3026 hoc
441 2967 478 3024 T.
501 2969 638 3039 Broccho,
663 2970 927 3038 avunculumque
948 2986 1014 3046 cum
1033 2970 1095 3040 ejus
1109 2969 1172 3035 filio,
1228 3031 1229 3050 χ

170 3053 205 3107 35
219 3045 388 3102 consobrino
401 3065 461 3116 suo,
475 3065 512 3102 ne
527 3047 684 3115 nobiscum,
698 3046 793 3102 vivat'l
813 3063 850 3100 ne
863 3045 899 3100 sit
912 3045 942 3100 in
955 3043 1065 3118 patritii
1095 3043 1172 3100 Num

219 3123 285 3178 estl
310 3140 378 3176 num
402 3134 492 3194 potest
513 3123 604 3196 magis
624 3141 720 3179 carere
743 3122 786 3178 his
804 3121 945 3190 omuibus,
968 3116 1054 3192 quam
1075 3119 1172 3178 caretl

219 3197 301 3252 Italia
314 3195 486 3267 prohibetur,
500 3198 616 3254 exsulat.
658 3197 723 3254 Non
738 3208 768 3253 tu
782 3215 850 3270 ergo
864 3197 940 3252 hunc
950 3195 1040 3270 patria
1054 3198 1171 3271 privare,
1227 3197 1228 3249 l

218 3271 273 3344 quai
297 3281 382 3341 caret,
402 3273 451 3328 sed
474 3273 540 3341 vitia,
561 3274 610 3342 vis.
651 3275 692 3330 At
712 3274 796 3344 istud,
820 3291 857 3329 ne
877 3273 953 3347 apud
973 3291 1039 3340 eum
1059 3274 1170 3347 quidem

200 3347 393 3419 dictatorem,
414 3349 462 3424 qui
483 3369 591 3420 omnes,
612 3369 680 3424 quos
701 3351 807 3421 oderat,
827 3361 915 3410 morte
936 3349 1081 3421 multabat,
1101 3349 1170 3424 quis·
1226 3369 1227 3441 q

171 3436 205 3489 4ο
219 3443 302 3498 quam
316 3426 374 3500 egit
387 3425 442 3484 islo
455 3428 546 3486 modo.
587 3427 652 3503 Ipse
663 3427 780 3502 jubebat
790 3428 894 3497 occidi,
909 3427 987 3484 nullo
999 3427 1169 3501 postulante:

210 3501 341 3576 *premiis
354 3503 439 3560 etiam
453 3505 595 3562 invitabat.
634 3503 710 3566 Quae
724 3515 819 3565 tamen
838 3503 998 3574 crudelitas,
1012 3502 1169 3568 abeodem,
1225 3529 1226 3552 1

221 3577 325 3650 aliquot
348 3579 431 3644 aunis
450 3579 524 3654 pdst,
551 3601 635 3658 quem
657 3600 736 3640 nunc
763 3581 907 3646 crudelem
927 3597 990 3638 esse
1009 3580 1061 3650 vit,
1082 3574 1170 3644 vindi·
1225 3555 1226 3635 l

221 3664 284 3711 cata
297 3663 347 3709 est.
