2516 4204
150 303 206 365 1⁴4
445 256 909 349 caarrommamomuu.

235 437 273 495 Ut
283 436 369 512 Igitur
383 437 414 502 in
432 439 589 496 seminibus
601 449 645 496 est
665 455 752 498 causa
765 435 894 495 arborum
908 446 940 493 et
958 435 1093 511 stirpium,
1108 433 1156 493 sic

195 515 279 589 liujus
292 515 494 572 luctuosissimi
508 516 575 572 belli
590 535 688 572 semen
704 527 734 572 tu
749 515 834 571 luisti.
876 513 988 569 Doletis
1006 524 1063 568 tres
1075 531 1156 569 exer·

195 593 272 648 citus
289 593 386 667 populi
400 592 527 650 Rotnani
543 593 726 650 interfectosl
747 590 889 647 interiecit
904 589 1056 646 Antonius.
1096 588 1156 645 De-

195 669 328 726 sideratis
341 669 514 726 clarissimos
526 669 623 726 civesl
642 687 692 726 eos
704 685 814 744 quoque
827 666 932 740 eripuit
944 666 1021 722 vobis
1032 665 1157 722 Antoni·

123 789 125 796 ,
164 749 241 820 bus.
283 747 447 803 Auctoritas
460 747 544 821 hujus
559 746 666 802 ordinis
686 745 865 802 afflictaestl
885 742 981 798 afflixit
994 743 1157 798 Antonius.

198 823 305 880 Omnia
318 823 449 896 denique,
463 841 526 895 quae
543 833 642 897 postea
656 822 788 892 vidimus,
809 821 889 898 (quid
903 829 994 874 autem
1009 818 1077 873 mali
1091 836 1159 874 non

198 897 352 972 vidimusl)
373 899 398 953 si
419 896 497 953 recte
522 899 763 968 ratiocinabimur,
782 897 833 953 uni
858 905 973 970 accepta
995 894 1157 950 referemus

195 973 333 1030 Antonio.
374 972 413 1029 Ut
437 973 549 1030 Helena
576 973 720 1047 Trojanis,
742 973 783 1029 sic
811 974 864 1029 iste
886 973 953 1028 huic
979 970 1157 1044 reipublice,

195 1066 282 1106 causa
303 1050 379 1120 belli,
394 1069 480 1107 causa
492 1050 580 1124 pestis
598 1061 682 1123 atque
702 1049 794 1119 exitii,
809 1049 868 1104 liait.
910 1047 1042 1121 Reliquae
1059 1058 1157 1121 partes

147 1125 182 1179 10
196 1127 355 1184 tribunatius
367 1127 507 1200 principio
520 1127 635 1183 similes.
675 1125 783 1182 Omnia
795 1125 923 1198 perfecit,
941 1142 1015 1197 que,
1029 1133 1157 1193 senatus,

118 1229 128 1236 ·
194 1203 271 1258 salve
292 1203 435 1276 republicd
457 1221 494 1258 ne
515 1202 575 1258 fieri
594 1212 717 1276 possent,
738 1201 903 1276 perfecerat.
945 1201 1037 1274 Cujus
1056 1209 1159 1255 tamen

193 1277 287 1333 scelus
302 1279 332 1333 in
346 1277 452 1334 scelere
467 1279 638 1350 cognoscite.

232 1352 349 1410 XXIII.
384 1353 565 1410 Restituebat
590 1353 692 1410 multos
714 1353 907 1410 calamitosos:
934 1355 966 1410 in
988 1355 1033 1410 his
1057 1353 1159 1428 patrui

194 1429 273 1486 nulla
292 1429 407 1487 mentio.
448 1431 481 1487 Si
499 1447 622 1502 severus,
644 1449 695 1486 cur
718 1447 777 1486 non
801 1430 831 1486 in
853 1432 973 1487 omnesl
998 1431 1022 1486 si
1046 1429 1162 1485 miseri-

147 1505 182 1558 15
196 1525 268 1576 cors,
296 1526 347 1564 cur
371 1525 429 1564 non
456 1507 486 1564 in
513 1509 598 1564 suosl
632 1507 690 1564 Sed
716 1507 816 1564 omitto
842 1518 966 1564 caeteros.
1007 1505 1163 1562 Licinium

195 1583 388 1655 Denticulam,
408 1585 444 1640 de
465 1585 527 1641 alei
548 1585 776 1654 condemnatum,
797 1584 961 1653 collusorem
981 1600 1076 1653 suum,
1098 1599 1160 1638 res

193 1659 287 1716 tituit:
307 1661 388 1732 quasi
406 1658 473 1716 verb
486 1661 583 1717 ludere
604 1679 671 1718 cum
684 1661 871 1718 condemnato
890 1676 947 1714 non
960 1658 1079 1714 liceret:
1104 1661 1163 1718 sed

194 1745 234 1804 ut,
262 1737 336 1809 quod
364 1737 395 1792 in
422 1736 484 1794 alei
510 1739 681 1812 perdiderat,
715 1735 852 1793 beneficio
877 1735 947 1809 legis
973 1732 1163 1793 dissolveret.

192 1809 292 1870 Quam
312 1814 429 1870 attulisti
447 1815 586 1872 rationem
606 1815 710 1891 populo
726 1813 868 1882 Romano,
888 1827 1021 1867 curcum
1039 1811 1162 1869 restitui

142 1885 180 1939 20
194 1892 354 1964 oporteretl
375 1893 521 1948 absentem
542 1891 655 1968 (credo)
678 1893 708 1948 in
728 1909 790 1948 reos
807 1889 941 1956 relatum;
961 1904 1021 1943 rem
1041 1886 1160 1945 indicti

192 1967 281 2020 causi
304 1967 478 2038 judicatam
506 1968 615 2022 nullum
643 1968 729 2022 fauisse
757 1969 793 2022 de
820 1967 882 2022 alei
908 1965 971 2038 lege
995 1961 1159 2038 judicium3

192 2041 219 2094 vi
239 2059 412 2113 oppressum,
433 2051 462 2096 et
481 2042 582 2106 armis;
603 2040 756 2114 postremd,
778 2041 866 2115 (quod
881 2041 917 2096 de
930 2051 1032 2114 patruo
1047 2049 1098 2095 tuo
1115 2041 1159 2098 di·

191 2115 322 2193 cebatur)
340 2117 465 2192 pecuina
482 2115 623 2192 judicium
643 2135 706 2173 esse
727 2127 899 2190 corruptum.
940 2115 1020 2173 Nihil
1041 2117 1158 2174 borum.

193 2194 234 2250 At
254 2194 295 2250 vir
322 2195 424 2267 bonus,
447 2206 476 2252 et
496 2193 642 2270 republici
664 2195 775 2270 dignus.
816 2192 897 2250 Nihil
922 2194 952 2250 id
973 2194 1086 2268 quidem
1117 2196 1158 2255 ad

140 2264 177 2320 25
192 2290 268 2327 rem:
290 2291 343 2347 ego
364 2284 470 2345 tamen,
494 2273 627 2347 quoniam
656 2273 877 2329 condemnatum
901 2289 964 2327 esse
986 2289 1036 2346 pro
1061 2269 1157 2329 nihilo

191 2357 243 2415 est,
267 2348 292 2401 si
306 2349 345 2403 ita
367 2360 450 2418 esset,
467 2351 653 2424 ignoscerem.
695 2349 850 2405 Hominem
865 2367 939 2418 vero,
960 2345 1089 2404 omnium
1105 2367 1159 2406 ne·

188 2423 366 2494 quissimum,
387 2425 435 2497 qui
449 2443 506 2481 non
525 2425 665 2479 dubitaret
686 2425 728 2480 vel
745 2425 775 2479 in
790 2425 850 2479 soro
871 2424 932 2479 alei
953 2423 1063 2493 ludere,
1076 2423 1155 2499 lege,

188 2516 251 2572 quc
266 2510 309 2556 est
323 2501 359 2558 de
373 2501 444 2572 alei,
465 2501 696 2571 condemnatum,
710 2500 758 2574 qui
779 2501 809 2556 in
824 2499 966 2573 integrum
979 2499 1113 2571 restituit,
1130 2502 1156 2558 is

189 2594 247 2633 non
262 2576 437 2654 apertissimi
452 2579 578 2640 studium
593 2597 676 2636 suurn
691 2579 751 2654 ipse
763 2576 928 2653 profiteturl

138 2649 176 2706 30
194 2719 197 2725 ,
230 2655 265 2714 In
280 2659 380 2716 eodem
398 2655 465 2716 verb
479 2653 636 2729 iribunatu,
655 2653 722 2714 ciam
737 2656 844 2726 Cesar,
859 2654 889 2711 in
908 2653 1074 2729 Hispaniam
1087 2674 1157 2728 pro

190 2733 332 2806 ficiscens,
355 2737 423 2792 huic
442 2737 668 2794 conculcandam
692 2733 802 2790 Italiam
819 2733 997 2801 tradidissem
1017 2747 1078 2804 quae
1095 2732 1157 2796 suit

189 2809 251 2882 ejus
265 2812 423 2882 peragratio
434 2812 589 2872 itineruml
608 2810 736 2864 lustratio
748 2809 989 2882 municipioruml
1023 2807 1091 2864 Soio
1105 2827 1157 2868 me

189 2884 219 2936 in
243 2883 327 2935 rebus
350 2883 580 2937 celebratissimis
605 2901 735 2938 sermone
760 2883 888 2939 omniurn
913 2885 1027 2956 versari,
1048 2902 1153 2959 eaque,

168 2973 250 3028 'quae
270 2955 345 3028 dico,
367 2956 551 3032 dicturusque
575 2975 649 3028 sum,
674 2958 785 3015 notiora
804 2960 938 3015 omnibus
958 2979 1022 3018 esse
1045 2961 1093 3034 qui
1122 2963 1153 3020 in
1246 2955 1247 2974 ¹

138 3030 174 3084 85
189 3031 272 3090 latia
291 3044 351 3091 tum
370 3031 460 3105 lutire,
480 3032 566 3108 qudm
582 3035 662 3107 mihi,
683 3035 730 3109 qui
752 3053 809 3092 non
831 3035 880 3091 fui.
920 3036 1033 3093 Notabo
1051 3049 1152 3098 nmen

188 3111 314 3186 singulas
327 3129 388 3164 res:
409 3113 462 3166 etsi
483 3112 561 3167 nullo
574 3113 658 3167 modo
681 3113 782 3184 poterit
794 3112 886 3166 oratio
899 3129 963 3166 mee
983 3113 1152 3174 satisfacere

188 3197 285 3242 vestrae
312 3182 449 3237 scientie.
491 3185 606 3241 Etenim
627 3187 701 3257 quod
723 3203 846 3256 unquam
870 3185 900 3240 in
927 3185 1009 3241 terrie
1036 3197 1150 3249 tantum

188 3258 325 3332 flagitium
347 3259 498 3316 exstitisse
514 3260 641 3316 auditum
668 3262 735 3317 estl
763 3257 883 3336 [mamm
901 3261 1109 3336 turpitudinem
1121 3269 1148 3344 l]

187 3345 297 3392 tantum
313 3337 460 3394 dedecus'l
1044 3383 1046 3388 -

138 3410 173 3466 to
227 3412 340 3471 XXIV.
374 3415 537 3473 vehebatur
561 3415 591 3473 in
617 3417 719 3474 essedo
745 3415 1007 3492 tribunusplebis:
1034 3420 1148 3478 lictores

187 3488 305 3547 laureati
323 3493 544 3552 antecedebant:
566 3493 639 3552 inter
650 3513 731 3569 qaaos,
746 3494 842 3570 aperti
856 3494 968 3566 lecticd,
982 3496 1068 3552 mima
1081 3515 1149 3570 por-
1244 3547 1245 3570 ,

188 3567 315 3634 tabatur;
340 3587 424 3640 quam
450 3589 487 3626 ex
506 3571 617 3646 oppidis
643 3571 840 3646 municipales,
868 3569 997 3628 homines
1023 3572 1147 3646 honesti,

188 3641 300 3700 obvidm
318 3643 480 3701 necessario
501 3649 682 3720 prodeuntes,
695 3667 753 3705 non
774 3655 841 3703 noto
854 3645 902 3702 illo
916 3657 945 3703 et
965 3648 1081 3704 mimico
1094 3665 1149 3706 no·

189 3719 277 3790 mine,
303 3716 353 3772 sed
376 3715 568 3792 Volumniam,
596 3724 818 3780 consalutabant.
860 3721 1036 3797 Sequebatur
1056 3723 1148 3782 rheda

138 3789 174 3842 4⁵
189 3812 257 3853 cum
270 3791 436 3862 lenonibus;
458 3797 576 3854 comites
593 3799 775 3871 nequissimi;
795 3796 899 3873 rejecta
912 3809 1000 3856 mater
1019 3799 1147 3874 amicam
