2542 4212
377 327 503 376 enarro
519 329 586 378 nno
602 329 691 378 asca
707 329 871 380 MANIHA.
1109 339 1149 398 tt

127 471 234 546 rigatio
248 469 430 543 conquiescit
480 467 525 527 Ita
539 489 633 544 neque
647 489 682 528 ex
694 482 785 546 portu,
800 490 892 545 neque
907 491 942 529 ex
956 471 1096 548 decumis,

127 567 224 622 neque
238 565 274 604 ex
288 547 435 621 scripturi,
451 548 572 622 vectigal
586 549 745 604 conservari
767 561 867 623 potest
907 549 1007 610 Quare
1020 569 1096 627 sepe

127 627 216 682 totius
229 625 296 681 anni
312 625 420 680 fructus
432 643 491 680 uno
505 643 618 682 rumore
635 625 764 700 periculi,
779 637 862 700 atque
882 645 941 684 uno
955 627 1021 686 belli
1041 639 1095 686 ter·

128 723 203 773 rore,
217 703 362 758 amittitur.

165 780 236 840 Quo
249 781 365 835 tandem
389 779 485 836 animo
497 797 562 836 esse
576 780 744 836 existinutis
759 791 808 837 aut
819 799 869 838 eos
882 781 931 855 qui
945 781 1095 858 vectigalia
1125 795 1145 848 5

127 858 209 914 nobis
221 858 377 932 pensitant,
388 867 435 912 aut
447 875 498 914 eos
510 857 559 929 qui
573 866 710 916 exercent
723 867 807 930 atque
819 859 947 932 exigunt,
958 856 1026 916 crim
1036 860 1094 920 duo

128 953 212 1008 reges
226 950 293 988 cum
308 934 438 989 maximis
453 934 543 1008 copiis
564 930 652 1008 propd
667 934 781 990 adsintl
801 932 868 991 clim
883 951 942 992 uns
962 937 1094 995 excursio

129 1010 274 1084 equitatirs
283 1011 409 1086 perbrevi
419 1022 544 1086 tempore
555 1011 642 1067 totius
656 1011 724 1067 anni
736 1012 855 1086 vectigal
867 1012 977 1070 aufem
987 1013 1091 1088 possit;

129 1087 197 1144 crim
210 1088 354 1160 publicani
366 1089 488 1144 familias
501 1089 647 1158 maximas,
658 1107 728 1162 quas
742 1089 771 1144 in
786 1089 884 1146 salinis
898 1088 1012 1160 babent,
1023 1109 1092 1166 quas

128 1166 158 1221 in
173 1165 257 1240 agris,
269 1184 339 1238 quas
353 1166 383 1221 in
397 1165 535 1239 portubus
545 1175 629 1238 atque
644 1165 792 1236 custodiis,
805 1184 910 1240 magno
920 1167 1048 1240 periculo
1060 1185 1091 1225 se
1108 1175 1141 1230 10

127 1243 231 1299 habere
247 1243 427 1300 arbitrentur.
441 1297 445 1306 ,
470 1241 617 1298 Putatisne
632 1259 683 1298 vos
697 1241 753 1298 illis
763 1242 849 1298 rebus
863 1242 918 1298 frui
931 1261 1023 1317 mese,
1035 1244 1090 1302 nisi

126 1336 183 1390 eos,
197 1319 246 1394 qui
261 1320 340 1375 vobis
362 1320 498 1376 fructuosi
511 1329 586 1390 sunt,
601 1319 844 1390 conservaveritis,
858 1337 915 1376 non
937 1317 1028 1378 solbm
1044 1319 1091 1397 (ut

126 1408 210 1454 antea
223 1397 298 1473 dixi)
321 1397 491 1468 calamitate,
505 1397 555 1453 sed
568 1397 654 1454 etiam
667 1395 835 1453 calamitatis
849 1395 1008 1469 formidine,
1021 1398 1090 1456 libe·

125 1481 225 1536 ratosl
773 1515 781 1527 ·

166 1551 235 1607 vll.
271 1553 318 1608 Ac
327 1569 364 1608 na
374 1553 444 1608 illud
454 1553 567 1626 quidem
577 1552 655 1610 robis
663 1551 926 1628 negligendumest,
934 1554 1008 1626 quod
1018 1553 1088 1611 mihi
1106 1563 1140 1617 15

124 1647 183 1703 ego
196 1639 353 1685 extremum
367 1647 578 1705 proposueram,
593 1627 659 1686 citm
673 1649 766 1687 emam
782 1629 818 1686 de
833 1629 899 1686 belli
913 1647 1018 1704 genere
1031 1631 1090 1689 dic·

123 1716 215 1778 turus,
230 1707 306 1781 quod
319 1709 354 1764 ad
370 1707 521 1766 multorum
535 1708 608 1764 bona
621 1707 725 1764 civium
741 1707 937 1765 Romanorum
950 1709 1088 1783 pertinen

122 1801 243 1856 quorum
254 1785 403 1860 vobis,'pro
413 1786 506 1843 vestri
516 1786 665 1859 sapientia,
674 1785 815 1856 Quirites,
827 1785 959 1842 habenda
968 1797 1012 1843 est
1018 1788 1089 1845 ratio

125 1859 287 1934 diligenter.
327 1861 404 1916 Nam
432 1873 462 1918 et
473 1863 628 1936 publicani,
650 1863 781 1920 homiues
801 1873 830 1918 et
851 1863 1040 1919 honestissimi
1060 1875 1090 1920 et

123 1938 310 2008 ornatissimi,
324 1957 389 1994 saras
402 1939 525 1996 rationes
537 1949 566 1995 et
579 1940 677 2015 copias
689 1940 719 1996 in
732 1939 809 1997 illa'm
827 1939 1001 2014 provinciam
1022 1957 1090 1998 oon·
1103 1947 1138 2003 20

123 2015 267 2084 tulerunt3
288 2035 407 2090 quorum
421 2017 545 2091 ipsorum
559 2033 610 2092 per
633 2033 665 2074 se
678 2035 723 2075 res
736 2031 766 2076 et
787 2018 906 2076 fenum
919 2035 995 2076 cure
1008 2019 1088 2078 robis

123 2109 185 2148 esse
206 2094 321 2150 debent.
362 2093 487 2166 Etenim,
505 2095 529 2151 si
550 2095 700 2170 vectigalia
720 2113 822 2153 nervos
842 2113 905 2153 esse
925 2097 1088 2172 reipublicae

122 2189 233 2246 semper
246 2172 396 2240 duximus3
417 2189 484 2228 eum
499 2169 577 2229 certe
588 2173 785 2248 ordinem,qui
799 2184 913 2231 exercet
926 2174 984 2245 illa,
998 2174 1088 2232 mma·

122 2261 259 2306 meritant
272 2259 438 2306 ceterorum
457 2251 591 2307 ordinum
611 2247 689 2307 recte
711 2269 773 2308 esse
793 2252 931 2308 dicemus.

163 2325 278 2382 Deinde
291 2329 402 2383 caeteris
414 2345 450 2384 ex
461 2327 609 2385 ordinibus
623 2329 753 2386 homines
764 2330 828 2386 nari
839 2342 868 2386 et
881 2327 1013 2386 industrii
1026 2345 1087 2404 par-
1101 2337 1136 2394 25

121 2403 174 2458 tim
189 2403 241 2477 ipsi
257 2404 288 2460 in
301 2405 372 2462 Asia
385 2406 576 2479 negotiantur,
586 2407 690 2480 quibus
704 2425 753 2464 vos
763 2407 927 2464 absentibus
937 2407 1086 2465 consulere

119 2481 246 2550 debetis;
256 2482 355 2556 partim
360 2484 567 2541 suasetsucruin
577 2484 606 2540 in
618 2485 654 2541 ed
663 2485 809 2559 provincia
819 2486 956 2560 pecumm
967 2503 1085 2561 magnae

101 2557 272 2620 ,collocatas
285 2561 398 2616 babent.
440 2561 503 2617 Erit
523 2563 610 2636 igitur
631 2563 814 2620 humanitatis
828 2574 935 2633 vestre,
949 2581 1085 2638 magnum

119 2647 222 2689 eorum
234 2635 341 2690 civium
353 2655 504 2692 numerum
515 2638 675 2694 calamitate
689 2641 836 2712 prohibere
847 2659 855 2709 3
875 2641 1032 2714 sapientie,
1047 2641 1086 2698 vi-

119 2711 200 2782 dere,
217 2711 371 2766 multorum
385 2712 491 2767 civium
512 2713 701 2770 calamitatem
724 2735 740 2771 a
761 2717 906 2794 republici
928 2717 1085 2790 sejunctam
1099 2727 1134 2781 30

118 2807 186 2844 esse
199 2807 259 2844 non
272 2806 363 2861 posse.
404 2787 518 2845 Etenim
533 2789 602 2846 illud
620 2791 741 2866 primum
755 2795 832 2870 parvi
845 2794 940 2865 refert,
955 2811 1003 2850 vos
1016 2795 1086 2869 pub-

116 2865 223 2922 licanis
243 2865 346 2920 amissa
360 2867 507 2941 vectigalia
522 2879 618 2942 postea
632 2869 749 2927 victorii
763 2887 940 2946 recuperare.
981 2870 1084 2947 Neque

115 2944 195 3000 enim
215 2943 319 3000 iisdem
338 2944 498 3001 redimendi
522 2945 641 3003 facultas
661 2948 725 3019 erit,
745 2960 857 3024 propter
884 2949 1083 3023 calamitatem,

115 3040 208 3096 neque
217 3022 286 3092 ,aliis
299 3021 437 3092 voluntas,
451 3033 563 3096 propter
577 3025 715 3082 timorem.

153 3099 280 3170 Deinde,
291 3099 366 3172 quod
379 3117 433 3156 nos
444 3100 545 3155 eadem
559 3101 629 3157 Asia
643 3113 725 3176 atque
736 3103 813 3158 idem
827 3103 880 3159 iste
893 3097 1082 3176 Mithridates,
1096 3115 1132 3170 35

114 3176 198 3234 initio
209 3177 276 3233 belli
288 3177 419 3248 Asiatici,
428 3177 542 3245 docuit;
564 3178 593 3233 id
603 3180 719 3252 quidem
730 3176 819 3250 ceriti,
828 3179 987 3238 calamitate
996 3179 1082 3253 docti,

108 3254 254 3309 memorii
275 3255 397 3311 retinere
418 3255 563 3310 debemus.
604 3255 681 3312 Nam
701 3267 763 3313 tum
788 3253 855 3314 cirm
876 3259 906 3314 in
935 3257 1007 3316 Asis
1036 3277 1082 3316 res

115 3345 236 3400 magnas
249 3332 378 3402 permulti
400 3333 562 3402 amiserant,
576 3333 691 3404 scimus,
706 3333 819 3404 Rome,
834 3334 973 3390 solutione
994 3336 1082 3410 impe-

114 3403 187 3474 dics,
202 3405 287 3460 fidem
307 3409 472 3466 concidisse.
514 3409 582 3466 Non
604 3410 682 3466 enim
701 3420 820 3486 possunt
840 3409 898 3466 uni
919 3411 949 3468 in
967 3411 1081 3470 civitate

111 3482 198 3543 multi
214 3501 276 3538 rem
290 3491 372 3556 atque
387 3485 512 3543 fortunas
532 3487 718 3557 amitterent
738 3504 796 3542 nou
816 3485 911 3560 plures
931 3505 1028 3545 secum
1049 3491 1079 3548 in
1094 3497 1129 3552 40

111 3561 239 3618 eandem
261 3560 449 3619 calamitatem
474 3566 594 3621 trahant.
637 3565 665 3619 A
694 3581 749 3636 quo
776 3563 903 3638 periculo
931 3565 1079 3641 probibate

110 3639 328 3714 rempublicam,
337 3649 366 3696 et
376 3640 445 3698 mihi
456 3643 574 3710 credite,
584 3639 639 3714 (id,
650 3641 725 3714 quod
736 3640 790 3715 ipsi
797 3642 914 3720 videtis)
926 3645 988 3699 haee
998 3643 1077 3713 fides,

97 3711 195 3790 'atque
210 3718 276 3776 haec
297 3717 368 3774 ratio
387 3719 586 3792 pecuniarum,
599 3733 662 3789 quae
682 3716 793 3790 Rome,
807 3739 870 3793 que
891 3718 922 3775 in
938 3719 998 3774 foro
1019 3735 1078 3770 ver-

109 3801 203 3866 satur,
218 3793 360 3870 implicita
372 3806 416 3851 est
431 3813 500 3850 cum
515 3793 571 3846 illis
589 3793 720 3864 pecuniis
733 3795 880 3861 Asiaticis,
893 3803 923 3847 et
943 3789 1075 3844 cobaeret·

114 3868 213 3928 Ruere
227 3869 276 3928 iila
288 3889 348 3930 non
361 3879 492 3956 ponatur,
502 3877 535 3924 ut
555 3867 618 3923 hec
631 3885 689 3924 non
703 3869 804 3928 eodem
816 3865 984 3922 labefactata
995 3864 1073 3910 motu
1089 3861 1124 3912 45
