2516 4204
166 321 223 390 ιω
464 320 926 372 οιΛΤιοιΝυ.ΑΝτοΝιυΜ.

212 471 241 520 et
259 471 363 535 quantu
382 461 512 520 herberie
531 466 594 524 estl
627 463 751 538 Agmine
763 463 899 536 qusdreto
919 481 988 518 oum
1008 461 1100 536 gladiis
1117 478 1154 516 ss·
1231 487 1232 506 1

210 550 333 611 quuntur
347 539 450 598 milites
460 557 468 609 ¹:
490 553 635 600 scutorum
649 541 766 596 lecticas
777 540 879 614 porturi
895 540 1031 596 videmus.
1070 539 1164 611 Atque·

210 614 253 670 his
267 617 382 689 quidem
400 617 458 691 jem
479 619 651 688 inveteratis,
665 618 766 676 Patres
781 617 951 691 Consoripti,
965 616 1154 674 eonsuetudius

209 692 404 752 obduruimus.
445 695 582 757 Calendis
594 696 689 752 Juniis
704 692 771 752 edm
785 696 815 752 iu
829 706 958 752 senatum
973 693 1016 768 (ut
1029 705 1085 750 eret
1097 711 1155 748 eon·
1231 747 1232 766 ,

176 778 196 832 5
211 769 354 848 stitutum>
368 772 464 833 venire
475 773 618 844 vellemus,
627 785 704 830 metu
718 773 856 846 perterriti
870 768 985 846 repente
995 771 1153 844 diffugimus.
1231 779 1232 784 ’

250 849 291 906 At
314 850 437 922 iste,‚qui
457 863 558 909 senatu
578 871 636 910 non
656 861 762 924 egeret,
781 867 873 924 neque
893 849 1057 906 desideravit
1076 864 1156 920 quen·

209 943 303 996 quem,
317 935 347 980 et
366 925 459 998 potiris
480 928 607 985 discessu
628 939 725 985 nostro
745 927 856 984 letatus
876 938 938 994 est;
960 926 1102 998 statimque
1114 923 1156 978 ills

209 1000 349 1060 minuitis
369 1001 492 1062 sueinora
511 1004 614 1062 effecit.
654 1003 717 1064 Qui
738 1005 927 1078 chirographa
940 1004 1060 1060 Caeseris
1072 1001 1155 1057 desen·

210 1078 297 1137 disset
315 1079 388 1140 lueri
402 1082 446 1138 sui
460 1082 556 1152 muse,
571 1082 595 1138 is
608 1081 686 1156 leges
700 1081 831 1152 Caesuris,
846 1099 950 1154 easque
963 1081 1154 1155 praestemus

160 1163 194 1218 lo
209 1157 410 1230 rempublicam
425 1170 578 1218 eoneutere
592 1170 694 1233 posset,
708 1160 816 1220 evertit.
857 1157 1018 1216 Numerum
1032 1173 1155 1214 annorum

208 1233 359 1304 provinciis
378 1236 553 1308 prorogavit:
575 1236 716 1308 idemque,
737 1234 805 1292 erim
826 1248 954 1292 sotorum
976 1235 1095 1293 Gesseris
1114 1233 1156 1287 de·

208 1308 300 1366 fsnsru
312 1328 375 1369 esse
388 1311 514 1382 deberet,
527 1323 556 1368 et
576 1312 609 1370 in
625 1313 746 1386 publicis
766 1324 796 1370 et
815 1313 845 1370 in
866 1313 982 1387 privetis
1002 1315 1086 1370 rebus
1104 1320 1157 1368 eote

208 1383 329 1446 cesaris
352 1389 475 1448 reseidit.
524 1389 560 1446 In
581 1390 704 1464 publiois
727 1391 799 1448 nihil
823 1402 867 1448 est
883 1391 952 1465 ,lege
976 1393 1107 1466 gravius,
1133 1387 1157 1442 in

208 1465 322 1539 privetis
346 1466 537 1526 firmissimum
560 1478 604 1525 est
628 1479 839 1526 testamentum.
892 1467 985 1543 Leges
1012 1469 1082 1526 olias
1107 1465 1158 1522 sine

160 1553 194 1606 15
209 1545 432 1620 promulgatione
452 1545 582 1602 sustulit:
604 1546 672 1604 olins
685 1557 718 1606 ut
730 1547 849 1616 tolleret,
862 1546 1055 1620 promulgavit.
1095 1543 1160 1600 -Tee

209 1633 364 1680 umenmm
385 1623 494 1682 irritum
514 1625 599 1692 feeit;
620 1625 694 1698 quod
714 1625 799 1682 etiam
819 1623 922 1680 infimis
935 1623 1043 1676 eivibus
1056 1637 1161 1694 semper
1231 1635 1232 1684 l

207 1697 354 1756 obtentum
367 1710 418 1756 est.
461 1701 561 1776 Sigus,
574 1703 694 1772 tubulus,
707 1699 890 1774 quaspopulo
903 1698 998 1755 Cusas
1018 1699 1076 1752 und
1098 1713 1164 1752 eum

208 1773 296 1830 hortis
313 1775 425 1851 legavit,
439 1797 488 1834 eas
509 1780 556 1835 hio
575 1781 677 1854 partim
697 1779 726 1834 iu
747 1779 839 1834 hortos
859 1774 985 1850 Pompeii
997 1773 1162 1848 deportetis,

208 1853 310 1927 pertirn
324 1855 353 1912 in
367 1856 460 1916 villam
474 1857 625 1932 Scipionis.

157 1935 194 1992 tt
248 1931 351 1990 XLIII
354 1975 360 1986 .
381 1933 419 1990 Et
433 1945 463 1990 tu
477 1935 506 1990 in
521 1935 789 1994 Cresnrismernorid
800 1931 943 2006 diligens?
957 1939 988 1986 tu
1001 1927 1082 1984 illurn
1092 1946 1160 1984 amu

208 2010 370 2064 mortuum?
410 2008 506 2066 Quem
534 2009 558 2064 is
581 2010 715 2080 majorem
743 2010 881 2064 bonorem
904 2016 1076 2064 consecutus
1099 2016 1157 2072 eret,

206 2080 291 2154 quum
305 2092 336 2137 ut
349 2081 465 2138 heberet
477 2083 615 2156 pulvinar,
626 2082 819 2152 simulsorum,
834 2083 987 2157 festigium,
1002 2081 1157 2142 flarnineml
1230 2099 1231 2114 ¹

207 2157 259 2216 Est
270 2178 340 2235 ergo
351 2157 464 2231 humen,
475 2171 507 2217 ut
520 2159 592 2231 Jori,
604 2170 635 2217 ut
649 2157 745 2229 Marti,
756 2172 788 2218 ut
800 2159 934 2230 Quirino,
949 2161 992 2218 sie
1006 2160 1081 2218 Divo
1094 2159 1158 2216 lulio

208 2235 249 2295 M.
269 2239 433 2296 Antoninsl
473 2239 555 2300 Quid
575 2239 659 2316 igitur
679 2240 796 2296 cesset
826 2257 877 2296 eur
897 2257 955 2298 uon
976 2236 1157 2314 inauguraret

157 2323 193 2376 25
208 2335 287 2372 surus
301 2318 394 2372 diem:
416 2318 489 2388 vide,
503 2318 551 2390 qui
565 2330 593 2374 te
607 2319 766 2391 inauguret.
807 2317 932 2392 Collegae
946 2335 1065 2386 sumus3
1087 2331 1158 2374 uerno

206 2393 328 2466 negsbit.
369 2392 397 2446 Ο
411 2395 603 2450 detestabilem
619 2394 777 2463 hominem,
788 2394 846 2449 sive
859 2391 937 2466 qued
950 2395 1066 2466 tyranni
1080 2409 1158 2450 saeer-

206 2470 257 2526 dos
269 2489 310 2540 es,
324 2470 382 2526 sive
394 2468 471 2544 qubd
485 2471 606 2528 mortui!
639 2470 748 2530 Quaero
761 2470 905 2544 deinoeps,
919 2487 999 2539 num,
1015 2465 1163 2530 hodiernus¹

206 2548 267 2605 dies
285 2548 332 2623 qui
351 2548 398 2619 sit,
413 2549 546 2625 ignoresl
567 2549 664 2630 neseis
675 2545 735 2606 herl
749 2559 879 2623 quartum
892 2547 923 2604 in
937 2547 1024 2606 Ciroo
1038 2550 1112 2606 dmm
1125 2546 1159 2602 lu·

207 2628 306 2686 dorum
329 2628 525 2688 Rornanorum
549 2630 656 2686 suisset
688 2639 715 2686 te
740 2628 831 2703 ipsum
855 2637 949 2684 eutem
974 2626 1010 2682 sd
1028 2626 1159 2700 populum

157 2709 359 2780 intulissem
378 2710 493 2782 quintus
512 2721 648 2784 preterea
668 2707 730 2763 dies
750 2705 856 2766 cesari
876 2703 1065 2762 tribueretur?
1105 2701 1161 2756 Cur

207 2805 266 2844 nnn
276 2805 374 2842 sumus
386 2787 565 2858 pretextati?
583 2805 634 2842 eur
649 2787 794 2853 honorem,
806 2783 913 2840 Caesari
924 2782 973 2841 tuit
987 2781 1047 2854 lege
1057 2777 1160 2846 datum,

207 2863 303 2917 deseri,
318 2862 462 2932 petimurl
501 2863 550 2915 An
569 2861 798 2933 supplientiones,
822 2860 955 2916 addendo
973 2859 1058 2925 diem,
1072 2866 1161 2912 conu-

206 2936 307 2990 minari
321 2953 419 3009 pessus
431 2955 481 3004 es;
503 2935 659 3010 pulvinaria
673 2935 787 2990 noluisti
797 2937 809 2991 'l
830 2936 892 2992 Aut
912 2936 1038 3009 undique
1057 2932 1160 3007 religio·

206 3031 272 3074 nem
285 3013 362 3086 tolle,
377 3026 426 3071 sut
438 3031 636 3089 usquequaque
650 3028 793 3070 eonserve.
1040 3016 1042 3020 ’

158 3097 193 3152 85
246 3093 377 3161 Quaeres,
387 3093 537 3166 placentne
548 3093 618 3148 mihi
631 3091 761 3164 pulvinar
773 3109 844 3158 esse,
853 3087 1005 3161 festigium,
1015 3088 1158 3146 flaminem.
1227 3099 1228 3120 ³

209 3171 283 3228 Mihi
303 3167 368 3222 verb
390 3168 459 3220 nihil
484 3169 599 3221 istorum
624 3167 723 3238 planet.
766 3166 823 3220 Sed
844 3175 885 3231 tu,
898 3163 945 3234 qui
968 3172 1032 3218 note
1044 3163 1159 3222 Coesrris
1227 3213 1228 3220 ,

90 3271 95 3276 ·
208 3243 345 3313 defendis,
356 3241 423 3316 quid
436 3251 515 3316 potes
529 3240 633 3309 disere,
642 3259 692 3294 eur
707 3241 761 3295 elis
772 3239 824 3294 des
878 3257 919 3308 es,
929 3237 984 3294 elie
997 3250 1047 3298 not
1061 3240 1158 3300 ouresl
1227 3251 1228 3256 ’

208 3319 264 3376 nisi
276 3319 346 3378 sorte
361 3320 402 3377 vis
416 3319 504 3389 fateri,
515 3329 543 3374 te
555 3317 652 3374 omnis
664 3327 771 3391 questu
785 3326 844 3387 tuo,
878 3335 916 3374 on
930 3316 1004 3374 illius
1017 3318 1158 3393 dignitate,

208 3398 308 3455 metiri.
348 3397 429 3461 Quid
450 3397 485 3454 ed
506 3399 567 3453 heo
584 3397 721 3453 tandeml
741 3406 875 3470 exspecto
887 3395 964 3454 enim
977 3395 1159 3470 eloquentium

158 3483 193 3537 40
209 3485 294 3532 tuam.
328 3477 549 3534 Disertissimum
564 3475 683 3550 cognovi
697 3494 780 3532 evum
792 3486 892 3532 tuum:
913 3485 942 3534 st
954 3485 982 3530 te
992 3474 1076 3532 etism
1087 3491 1160 3548 sper·

208 3553 308 3610 tiorem
329 3556 359 3610 in
380 3556 509 3612 dicendo.
550 3553 603 3610 Ille
623 3571 767 3628 nunquam
788 3553 881 3608 nudus
900 3561 944 3608 est
963 3553 1158 3610 concionatus:

209 3641 289 3686 tuum
305 3631 426 3686 hominis
445 3631 580 3706 simpliois
599 3643 698 3706 peetus
712 3630 839 3687 vidimus.
879 3628 1111 3704 Respondebimus
1124 3623 1160 3680 sd
1225 3695 1226 3704 ἵ

210 3709 294 3764 hoel
315 3718 363 3762 aut
375 3708 492 3762 omnim
505 3710 615 3765 hisoere
629 3709 769 3764 audebisl
793 3706 904 3778 Ecquid
917 3706 1049 3784 reperies,
1056 3721 1092 3760 ex
1104 3713 1158 3760 tum
1225 3705 1226 3720 ¹

210 3787 296 3860 longd
309 3785 434 3841 merione
448 3785 523 3852 med,
536 3786 583 3840 eui
597 3795 627 3842 te
639 3786 809 3862 respondere
821 3801 905 3858 posse
917 3783 1041 3844 confides
1051 3783 1063 3836 l
1103 3775 1159 3834 Sed

160 3870 195 3921 45
209 3864 348 3936 preterita
360 3860 528 3918 omittemus.
