<?xml version="1.0" encoding="UTF-8"?>
<!DOCTYPE html PUBLIC "-//W3C//DTD XHTML 1.0 Transitional//EN"
    "http://www.w3.org/TR/xhtml1/DTD/xhtml1-transitional.dtd">
<html xmlns="http://www.w3.org/1999/xhtml" xml:lang="en" lang="en">
 <head>
  <title>
</title>
<meta http-equiv="Content-Type" content="text/html;charset=utf-8" />
  <meta name='ocr-system' content='tesseract 3.04.00' />
  <meta name='ocr-capabilities' content='ocr_page ocr_carea ocr_par ocr_line ocrx_word'/>
</head>
<body>
  <div class='ocr_page' id='page_1' title='image "./orationesqudams00cicegoog/orationesqudams00cicegoog_0056.png"; bbox 0 0 2542 4212; ppageno 0'>
   <div class='ocr_carea' id='block_1_1' title="bbox 152 317 939 388">
    <p class='ocr_par' dir='ltr' id='par_1_1' title="bbox 152 317 939 388">
     <span class='ocr_line' id='line_1_1' title="bbox 152 317 939 388; baseline -0.008 -14"><span class='ocrx_word' id='word_1_1' title='bbox 152 327 192 388; x_wconf 65' lang='grc'><strong>51</strong></span> <span class='ocrx_word' id='word_1_2' title='bbox 431 323 561 373; x_wconf 74' lang='grc'><strong>1111111</strong></span> <span class='ocrx_word' id='word_1_3' title='bbox 576 321 646 372; x_wconf 81' lang='lat' dir='ltr'><strong>ruo</strong></span> <span class='ocrx_word' id='word_1_4' title='bbox 663 319 758 370; x_wconf 81' lang='grc'><strong>11111</strong></span> <span class='ocrx_word' id='word_1_5' title='bbox 775 317 939 370; x_wconf 69' lang='lat' dir='ltr'><strong>uramara.</strong></span> 
     </span>
    </p>
   </div>
   <div class='ocr_carea' id='block_1_2' title="bbox 136 449 1173 3827">
    <p class='ocr_par' dir='ltr' id='par_1_2' title="bbox 136 449 1173 3827">
     <span class='ocr_line' id='line_1_2' title="bbox 202 449 1155 546; baseline -0.014 -21"><span class='ocrx_word' id='word_1_6' title='bbox 202 485 270 546; x_wconf 87' lang='lat' dir='ltr'><strong>pore</strong></span> <span class='ocrx_word' id='word_1_7' title='bbox 296 467 391 524; x_wconf 90' lang='lat' dir='ltr'><strong>lucem</strong></span> <span class='ocrx_word' id='word_1_8' title='bbox 418 465 516 522; x_wconf 85' lang='lat' dir='ltr'><strong>afferre</strong></span> <span class='ocrx_word' id='word_1_9' title='bbox 545 463 708 539; x_wconf 77' lang='lat' dir='ltr'><strong>reipublice</strong></span> <span class='ocrx_word' id='word_1_10' title='bbox 734 463 833 538; x_wconf 89' lang='lat' dir='ltr'><strong>potuit,</strong></span> <span class='ocrx_word' id='word_1_11' title='bbox 860 472 892 518; x_wconf 91' lang='lat' dir='ltr'><strong>ut</strong></span> <span class='ocrx_word' id='word_1_12' title='bbox 917 478 979 530; x_wconf 89' lang='lat' dir='ltr'><strong>vos,</strong></span> <span class='ocrx_word' id='word_1_13' title='bbox 1006 456 1054 532; x_wconf 91' lang='lat' dir='ltr'><strong>qui</strong></span> <span class='ocrx_word' id='word_1_14' title='bbox 1076 449 1155 514; x_wconf 77' lang='lat' dir='ltr'><strong>modd</strong></span> 
     </span>
     <span class='ocr_line' id='line_1_3' title="bbox 203 534 1156 607; baseline -0.014 -6"><span class='ocrx_word' id='word_1_15' title='bbox 203 555 268 601; x_wconf 86' lang='lat' dir='ltr'><strong>ante</strong></span> <span class='ocrx_word' id='word_1_16' title='bbox 281 545 385 602; x_wconf 89' lang='lat' dir='ltr'><strong>ostium</strong></span> <span class='ocrx_word' id='word_1_17' title='bbox 404 542 576 598; x_wconf 84' lang='lat' dir='ltr'>Tiberinum</span> <span class='ocrx_word' id='word_1_18' title='bbox 597 541 717 596; x_wconf 86' lang='lat' dir='ltr'><strong>classem</strong></span> <span class='ocrx_word' id='word_1_19' title='bbox 738 539 858 595; x_wconf 88' lang='lat' dir='ltr'><strong>hostium</strong></span> <span class='ocrx_word' id='word_1_20' title='bbox 878 537 1026 607; x_wconf 87' lang='lat' dir='ltr'><strong>videbatis,</strong></span> <span class='ocrx_word' id='word_1_21' title='bbox 1048 534 1067 591; x_wconf 91' lang='lat' dir='ltr'><strong>ii</strong></span> <span class='ocrx_word' id='word_1_22' title='bbox 1086 549 1156 590; x_wconf 91' lang='lat' dir='ltr'><strong>nuuc</strong></span> 
     </span>
     <span class='ocr_line' id='line_1_4' title="bbox 203 610 1157 690; baseline -0.015 -13"><span class='ocrx_word' id='word_1_23' title='bbox 203 621 313 678; x_wconf 91' lang='lat' dir='ltr'><strong>nullam</strong></span> <span class='ocrx_word' id='word_1_24' title='bbox 339 621 412 676; x_wconf 84' lang='lat' dir='ltr'><strong>intra</strong></span> <span class='ocrx_word' id='word_1_25' title='bbox 433 617 545 674; x_wconf 84' lang='lat' dir='ltr'>Oceani</span> <span class='ocrx_word' id='word_1_26' title='bbox 566 619 670 674; x_wconf 87' lang='lat' dir='ltr'><strong>ostium</strong></span> <span class='ocrx_word' id='word_1_27' title='bbox 690 617 855 690; x_wconf 83' lang='lat' dir='ltr'><strong>praedonum</strong></span> <span class='ocrx_word' id='word_1_28' title='bbox 875 631 977 670; x_wconf 87' lang='lat' dir='ltr'><strong>navem</strong></span> <span class='ocrx_word' id='word_1_29' title='bbox 997 632 1059 668; x_wconf 90' lang='lat' dir='ltr'><strong>esse</strong></span> <span class='ocrx_word' id='word_1_30' title='bbox 1072 610 1157 666; x_wconf 85' lang='lat' dir='ltr'><strong>audia-</strong></span> 
     </span>
     <span class='ocr_line' id='line_1_5' title="bbox 203 685 1159 770; baseline -0.014 -16"><span class='ocrx_word' id='word_1_31' title='bbox 203 698 261 754; x_wconf 81' lang='lat' dir='ltr'><strong>tist</strong></span> <span class='ocrx_word' id='word_1_32' title='bbox 301 699 406 770; x_wconf 82' lang='lat' dir='ltr'><strong>Atque,</strong></span> <span class='ocrx_word' id='word_1_33' title='bbox 421 696 483 751; x_wconf 81' lang='lat' dir='ltr'><strong>lraec</strong></span> <span class='ocrx_word' id='word_1_34' title='bbox 503 696 559 768; x_wconf 73' lang='lat' dir='ltr'><strong>qud</strong></span> <span class='ocrx_word' id='word_1_35' title='bbox 580 695 722 750; x_wconf 89' lang='lat' dir='ltr'><strong>celeritate</strong></span> <span class='ocrx_word' id='word_1_36' title='bbox 742 703 822 766; x_wconf 86' lang='lat' dir='ltr'><strong>gesta</strong></span> <span class='ocrx_word' id='word_1_37' title='bbox 841 692 906 762; x_wconf 92' lang='lat' dir='ltr'><strong>sint,</strong></span> <span class='ocrx_word' id='word_1_38' title='bbox 920 707 1079 765; x_wconf 86' lang='lat' dir='ltr'><strong>quanquam</strong></span> <span class='ocrx_word' id='word_1_39' title='bbox 1092 685 1159 741; x_wconf 88' lang='lat' dir='ltr'><strong>vidc-</strong></span> 
     </span>
     <span class='ocr_line' id='line_1_6' title="bbox 171 761 1160 845; baseline -0.014 -14"><span class='ocrx_word' id='word_1_40' title='bbox 171 773 253 845; x_wconf 85' lang='lat' dir='ltr'><strong>5tis,</strong></span> <span class='ocrx_word' id='word_1_41' title='bbox 275 785 370 831; x_wconf 84' lang='lat' dir='ltr'><strong>tamen</strong></span> <span class='ocrx_word' id='word_1_42' title='bbox 391 793 408 829; x_wconf 88' lang='lat' dir='ltr'><strong>a</strong></span> <span class='ocrx_word' id='word_1_43' title='bbox 426 791 473 828; x_wconf 90' lang='lat' dir='ltr'><strong>me</strong></span> <span class='ocrx_word' id='word_1_44' title='bbox 495 773 525 828; x_wconf 91' lang='lat' dir='ltr'><strong>in</strong></span> <span class='ocrx_word' id='word_1_45' title='bbox 549 771 672 828; x_wconf 92' lang='lat' dir='ltr'><strong>dicendo</strong></span> <span class='ocrx_word' id='word_1_46' title='bbox 684 769 879 844; x_wconf 77' lang='lat' dir='ltr'><strong>praetereunda</strong></span> <span class='ocrx_word' id='word_1_47' title='bbox 893 787 951 824; x_wconf 94' lang='lat' dir='ltr'><strong>non</strong></span> <span class='ocrx_word' id='word_1_48' title='bbox 977 778 1054 823; x_wconf 86' lang='lat' dir='ltr'><strong>sunt.</strong></span> <span class='ocrx_word' id='word_1_49' title='bbox 1090 761 1160 822; x_wconf 79' lang='lat' dir='ltr'><strong>Quis</strong></span> 
     </span>
     <span class='ocr_line' id='line_1_7' title="bbox 206 839 1161 922; baseline -0.014 -15"><span class='ocrx_word' id='word_1_50' title='bbox 206 852 285 907; x_wconf 89' lang='lat' dir='ltr'><strong>enirn</strong></span> <span class='ocrx_word' id='word_1_51' title='bbox 298 867 432 922; x_wconf 89' lang='lat' dir='ltr'><strong>unquam,</strong></span> <span class='ocrx_word' id='word_1_52' title='bbox 447 859 496 904; x_wconf 87' lang='lat' dir='ltr'><strong>aut</strong></span> <span class='ocrx_word' id='word_1_53' title='bbox 508 849 634 903; x_wconf 91' lang='lat' dir='ltr'><strong>obeundi</strong></span> <span class='ocrx_word' id='word_1_54' title='bbox 656 847 763 920; x_wconf 86' lang='lat' dir='ltr'><strong>negotii</strong></span> <span class='ocrx_word' id='word_1_55' title='bbox 777 857 825 901; x_wconf 83' lang='lat' dir='ltr'><strong>aut</strong></span> <span class='ocrx_word' id='word_1_56' title='bbox 839 845 1034 919; x_wconf 89' lang='lat' dir='ltr'><strong>consequendi</strong></span> <span class='ocrx_word' id='word_1_57' title='bbox 1047 839 1161 918; x_wconf 81' lang='lat' dir='ltr'><strong>quaestiis</strong></span> 
     </span>
     <span class='ocr_line' id='line_1_8' title="bbox 136 915 1162 1009; baseline -0.01 -27"><span class='ocrx_word' id='word_1_58' title='bbox 136 983 144 1009; x_wconf 41' lang='grc' dir='ltr'><strong><em>Ι</em></strong></span> <span class='ocrx_word' id='word_1_59' title='bbox 206 927 310 995; x_wconf 89' lang='lat' dir='ltr'><strong>studio,</strong></span> <span class='ocrx_word' id='word_1_60' title='bbox 326 935 384 980; x_wconf 86' lang='lat' dir='ltr'><strong>tarn</strong></span> <span class='ocrx_word' id='word_1_61' title='bbox 395 925 471 979; x_wconf 90' lang='lat' dir='ltr'><strong>brevi</strong></span> <span class='ocrx_word' id='word_1_62' title='bbox 489 934 623 996; x_wconf 88' lang='lat' dir='ltr'><strong>tempore,</strong></span> <span class='ocrx_word' id='word_1_63' title='bbox 634 934 674 978; x_wconf 92' lang='lat' dir='ltr'><strong>tot</strong></span> <span class='ocrx_word' id='word_1_64' title='bbox 688 923 750 978; x_wconf 87' lang='lat' dir='ltr'><strong>loca</strong></span> <span class='ocrx_word' id='word_1_65' title='bbox 768 923 856 991; x_wconf 80' lang='lat' dir='ltr'><strong>adire,</strong></span> <span class='ocrx_word' id='word_1_66' title='bbox 872 932 967 978; x_wconf 85' lang='lat' dir='ltr'><strong>tantos</strong></span> <span class='ocrx_word' id='word_1_67' title='bbox 978 941 1076 980; x_wconf 87' lang='lat' dir='ltr'><strong>cursus</strong></span> <span class='ocrx_word' id='word_1_68' title='bbox 1087 915 1162 975; x_wconf 86' lang='lat' dir='ltr'><strong>confi-</strong></span> 
     </span>
     <span class='ocr_line' id='line_1_9' title="bbox 136 998 1162 1075; baseline -0.008 -17"><span class='ocrx_word' id='word_1_69' title='bbox 136 1016 142 1073; x_wconf 67' lang='grc' dir='ltr'><strong>ς</strong></span> <span class='ocrx_word' id='word_1_70' title='bbox 206 1019 282 1072; x_wconf 88' lang='lat' dir='ltr'><strong>cere,</strong></span> <span class='ocrx_word' id='word_1_71' title='bbox 290 1001 390 1075; x_wconf 90' lang='lat' dir='ltr'><strong>potuit,</strong></span> <span class='ocrx_word' id='word_1_72' title='bbox 401 1000 486 1072; x_wconf 79' lang='lat' dir='ltr'><strong>qudm</strong></span> <span class='ocrx_word' id='word_1_73' title='bbox 498 999 638 1068; x_wconf 81' lang='lat' dir='ltr'>celeriter,</span> <span class='ocrx_word' id='word_1_74' title='bbox 652 999 707 1054; x_wconf 88' lang='lat' dir='ltr'><strong>Cn.</strong></span> <span class='ocrx_word' id='word_1_75' title='bbox 716 998 850 1072; x_wconf 90' lang='lat' dir='ltr'><strong>Pompeio</strong></span> <span class='ocrx_word' id='word_1_76' title='bbox 864 999 948 1070; x_wconf 92' lang='lat' dir='ltr'><strong>duce,</strong></span> <span class='ocrx_word' id='word_1_77' title='bbox 963 1000 1029 1056; x_wconf 91' lang='lat' dir='ltr'><strong>belli</strong></span> <span class='ocrx_word' id='word_1_78' title='bbox 1051 999 1162 1072; x_wconf 86' lang='lat' dir='ltr'><strong>impetus</strong></span> 
     </span>
     <span class='ocr_line' id='line_1_10' title="bbox 138 1071 1163 1152; baseline -0.008 -18"><span class='ocrx_word' id='word_1_79' title='bbox 138 1079 142 1090; x_wconf 81' lang='grc'><strong>“</strong></span> <span class='ocrx_word' id='word_1_80' title='bbox 207 1077 368 1152; x_wconf 85' lang='lat' dir='ltr'><strong>navigavitl</strong></span> <span class='ocrx_word' id='word_1_81' title='bbox 387 1077 446 1150; x_wconf 91' lang='lat' dir='ltr'><strong>qui,</strong></span> <span class='ocrx_word' id='word_1_82' title='bbox 460 1077 588 1133; x_wconf 91' lang='lat' dir='ltr'><strong>nondum</strong></span> <span class='ocrx_word' id='word_1_83' title='bbox 603 1076 766 1150; x_wconf 82' lang='lat' dir='ltr'><strong>tempestivo</strong></span> <span class='ocrx_word' id='word_1_84' title='bbox 781 1075 815 1131; x_wconf 92' lang='lat' dir='ltr'><strong>ad</strong></span> <span class='ocrx_word' id='word_1_85' title='bbox 830 1075 1023 1148; x_wconf 85' lang='lat' dir='ltr'><strong>navigandum</strong></span> <span class='ocrx_word' id='word_1_86' title='bbox 1037 1075 1114 1144; x_wconf 85' lang='lat' dir='ltr'><strong>mari,</strong></span> <span class='ocrx_word' id='word_1_87' title='bbox 1126 1071 1163 1126; x_wconf 90' lang='lat' dir='ltr'><strong>Si·</strong></span> 
     </span>
     <span class='ocr_line' id='line_1_11' title="bbox 157 1151 1163 1226; baseline -0.009 -15"><span class='ocrx_word' id='word_1_88' title='bbox 157 1159 192 1211; x_wconf 87' lang='lat'><strong>10</strong></span> <span class='ocrx_word' id='word_1_89' title='bbox 208 1155 304 1211; x_wconf 82' lang='lat' dir='ltr'><strong>cilium</strong></span> <span class='ocrx_word' id='word_1_90' title='bbox 326 1154 405 1224; x_wconf 86' lang='lat' dir='ltr'><strong>adiit,</strong></span> <span class='ocrx_word' id='word_1_91' title='bbox 416 1153 542 1208; x_wconf 83' lang='lat' dir='ltr'><strong>Africam</strong></span> <span class='ocrx_word' id='word_1_92' title='bbox 557 1153 730 1226; x_wconf 78' lang='lat' dir='ltr'><strong>exploravit3</strong></span> <span class='ocrx_word' id='word_1_93' title='bbox 748 1153 814 1208; x_wconf 91' lang='lat' dir='ltr'><strong>inde</strong></span> <span class='ocrx_word' id='word_1_94' title='bbox 829 1152 991 1210; x_wconf 83' lang='lat' dir='ltr'><strong>Sardiniam</strong></span> <span class='ocrx_word' id='word_1_95' title='bbox 1004 1171 1070 1210; x_wconf 93' lang='lat' dir='ltr'><strong>cum</strong></span> <span class='ocrx_word' id='word_1_96' title='bbox 1081 1151 1163 1208; x_wconf 87' lang='lat' dir='ltr'><strong>classe</strong></span> 
     </span>
     <span class='ocr_line' id='line_1_12' title="bbox 207 1227 1165 1306; baseline -0.005 -20"><span class='ocrx_word' id='word_1_97' title='bbox 207 1232 284 1286; x_wconf 83' lang='lat' dir='ltr'><strong>venit</strong></span> <span class='ocrx_word' id='word_1_98' title='bbox 292 1250 301 1298; x_wconf 87' lang='grc'><strong><em>;</em></strong></span> <span class='ocrx_word' id='word_1_99' title='bbox 321 1242 407 1302; x_wconf 86' lang='lat' dir='ltr'><strong>atque</strong></span> <span class='ocrx_word' id='word_1_100' title='bbox 419 1229 481 1284; x_wconf 82' lang='lat' dir='ltr'><strong>haec</strong></span> <span class='ocrx_word' id='word_1_101' title='bbox 491 1229 545 1284; x_wconf 88' lang='lat' dir='ltr'><strong>tria</strong></span> <span class='ocrx_word' id='word_1_102' title='bbox 559 1229 741 1286; x_wconf 85' lang='lat' dir='ltr'><strong>frumentaria</strong></span> <span class='ocrx_word' id='word_1_103' title='bbox 754 1228 879 1286; x_wconf 90' lang='lat' dir='ltr'><strong>subsidia</strong></span> <span class='ocrx_word' id='word_1_104' title='bbox 894 1231 1059 1306; x_wconf 71' lang='lat' dir='ltr'><strong>reipublicae</strong></span> <span class='ocrx_word' id='word_1_105' title='bbox 1074 1227 1165 1285; x_wconf 89' lang='lat' dir='ltr'><strong>firmis·</strong></span> 
     </span>
     <span class='ocr_line' id='line_1_13' title="bbox 207 1303 1164 1380; baseline -0.004 -18"><span class='ocrx_word' id='word_1_106' title='bbox 207 1307 289 1362; x_wconf 86' lang='lat' dir='ltr'><strong>simis</strong></span> <span class='ocrx_word' id='word_1_107' title='bbox 297 1306 434 1380; x_wconf 77' lang='lat' dir='ltr'><strong>praesidiis</strong></span> <span class='ocrx_word' id='word_1_108' title='bbox 445 1305 639 1378; x_wconf 79' lang='lat' dir='ltr'><strong>classibusque</strong></span> <span class='ocrx_word' id='word_1_109' title='bbox 650 1306 775 1362; x_wconf 84' lang='lat' dir='ltr'><strong>munivit.</strong></span> <span class='ocrx_word' id='word_1_110' title='bbox 817 1305 889 1362; x_wconf 91' lang='lat' dir='ltr'><strong>Inde</strong></span> <span class='ocrx_word' id='word_1_111' title='bbox 898 1303 965 1364; x_wconf 86' lang='lat' dir='ltr'><strong>cvlm</strong></span> <span class='ocrx_word' id='word_1_112' title='bbox 978 1310 1049 1366; x_wconf 90' lang='lat' dir='ltr'><strong>sein</strong></span> <span class='ocrx_word' id='word_1_113' title='bbox 1061 1307 1164 1363; x_wconf 89' lang='lat' dir='ltr'><strong>ltaliam</strong></span> 
     </span>
     <span class='ocr_line' id='line_1_14' title="bbox 207 1382 1165 1460; baseline -0.002 -22"><span class='ocrx_word' id='word_1_114' title='bbox 207 1384 370 1456; x_wconf 80' lang='lat' dir='ltr'><strong>recepisset,</strong></span> <span class='ocrx_word' id='word_1_115' title='bbox 385 1383 495 1438; x_wconf 88' lang='lat' dir='ltr'><strong>duabus</strong></span> <span class='ocrx_word' id='word_1_116' title='bbox 509 1382 656 1457; x_wconf 87' lang='lat' dir='ltr'><strong>Hispaniis</strong></span> <span class='ocrx_word' id='word_1_117' title='bbox 669 1383 802 1439; x_wconf 74' lang='lat' dir='ltr'><strong>atcania</strong></span> <span class='ocrx_word' id='word_1_118' title='bbox 816 1383 962 1458; x_wconf 70' lang='lat' dir='ltr'><strong>Cisalpini</strong></span> <span class='ocrx_word' id='word_1_119' title='bbox 984 1384 1122 1460; x_wconf 87' lang='lat' dir='ltr'><strong>praesidiis</strong></span> <span class='ocrx_word' id='word_1_120' title='bbox 1135 1400 1165 1437; x_wconf 87' lang='lat' dir='ltr'><strong>ac</strong></span> 
     </span>
     <span class='ocr_line' id='line_1_15' title="bbox 207 1458 1165 1534; baseline -0.002 -19"><span class='ocrx_word' id='word_1_121' title='bbox 207 1460 328 1516; x_wconf 89' lang='lat' dir='ltr'><strong>navibus</strong></span> <span class='ocrx_word' id='word_1_122' title='bbox 342 1459 517 1530; x_wconf 71' lang='lat' dir='ltr'><strong>confirmata,</strong></span> <span class='ocrx_word' id='word_1_123' title='bbox 531 1460 625 1516; x_wconf 87' lang='lat' dir='ltr'><strong>missis</strong></span> <span class='ocrx_word' id='word_1_124' title='bbox 639 1461 705 1516; x_wconf 81' lang='lat' dir='ltr'><strong>item</strong></span> <span class='ocrx_word' id='word_1_125' title='bbox 721 1460 750 1516; x_wconf 94' lang='lat' dir='ltr'><strong>in</strong></span> <span class='ocrx_word' id='word_1_126' title='bbox 771 1479 848 1517; x_wconf 90' lang='lat' dir='ltr'><strong>oram</strong></span> <span class='ocrx_word' id='word_1_127' title='bbox 865 1458 971 1534; x_wconf 88' lang='lat' dir='ltr'><strong>Illyrici</strong></span> <span class='ocrx_word' id='word_1_128' title='bbox 986 1463 1084 1532; x_wconf 90' lang='lat' dir='ltr'><strong>maris,</strong></span> <span class='ocrx_word' id='word_1_129' title='bbox 1098 1471 1125 1515; x_wconf 91' lang='lat' dir='ltr'><strong>et</strong></span> <span class='ocrx_word' id='word_1_130' title='bbox 1139 1459 1165 1514; x_wconf 91' lang='lat' dir='ltr'><strong>in</strong></span> 
     </span>
     <span class='ocr_line' id='line_1_16' title="bbox 158 1535 1168 1612; baseline -0.004 -18"><span class='ocrx_word' id='word_1_131' title='bbox 158 1541 193 1594; x_wconf 85' lang='lat'><strong>15</strong></span> <span class='ocrx_word' id='word_1_132' title='bbox 209 1537 352 1594; x_wconf 82' lang='lat' dir='ltr'><strong>Achaiam</strong></span> <span class='ocrx_word' id='word_1_133' title='bbox 374 1556 545 1612; x_wconf 90' lang='lat' dir='ltr'><strong>omnemque</strong></span> <span class='ocrx_word' id='word_1_134' title='bbox 569 1537 719 1608; x_wconf 69' lang='lat' dir='ltr'><strong>(irsoum,</strong></span> <span class='ocrx_word' id='word_1_135' title='bbox 742 1538 870 1608; x_wconf 90' lang='lat' dir='ltr'><strong>navibus,</strong></span> <span class='ocrx_word' id='word_1_136' title='bbox 896 1536 985 1594; x_wconf 85' lang='lat' dir='ltr'><strong>ltaliae</strong></span> <span class='ocrx_word' id='word_1_137' title='bbox 1008 1541 1065 1595; x_wconf 92' lang='lat' dir='ltr'><strong>duo</strong></span> <span class='ocrx_word' id='word_1_138' title='bbox 1083 1535 1168 1592; x_wconf 91' lang='lat' dir='ltr'><strong>maria</strong></span> 
     </span>
     <span class='ocr_line' id='line_1_17' title="bbox 208 1614 1168 1688; baseline -0.004 -18"><span class='ocrx_word' id='word_1_139' title='bbox 208 1615 339 1670; x_wconf 84' lang='lat' dir='ltr'><strong>maximis</strong></span> <span class='ocrx_word' id='word_1_140' title='bbox 362 1615 498 1670; x_wconf 85' lang='lat' dir='ltr'><strong>classibus</strong></span> <span class='ocrx_word' id='word_1_141' title='bbox 522 1615 743 1686; x_wconf 87' lang='lat' dir='ltr'><strong>firmissimisque</strong></span> <span class='ocrx_word' id='word_1_142' title='bbox 763 1614 901 1688; x_wconf 84' lang='lat' dir='ltr'><strong>praesidiis</strong></span> <span class='ocrx_word' id='word_1_143' title='bbox 926 1616 1089 1671; x_wconf 87' lang='lat' dir='ltr'><strong>adornavit:</strong></span> <span class='ocrx_word' id='word_1_144' title='bbox 1111 1615 1168 1688; x_wconf 90' lang='lat' dir='ltr'><strong>ipsc</strong></span> 
     </span>
     <span class='ocr_line' id='line_1_18' title="bbox 208 1689 1169 1762; baseline -0.002 -18"><span class='ocrx_word' id='word_1_145' title='bbox 208 1701 312 1759; x_wconf 84' lang='lat' dir='ltr'><strong>autem,</strong></span> <span class='ocrx_word' id='word_1_146' title='bbox 327 1701 358 1746; x_wconf 88' lang='lat' dir='ltr'><strong>ut</strong></span> <span class='ocrx_word' id='word_1_147' title='bbox 372 1709 389 1744; x_wconf 87' lang='lat' dir='ltr'><strong>a</strong></span> <span class='ocrx_word' id='word_1_148' title='bbox 403 1691 558 1744; x_wconf 86' lang='lat' dir='ltr'><strong>Brundisio</strong></span> <span class='ocrx_word' id='word_1_149' title='bbox 569 1691 711 1761; x_wconf 87' lang='lat' dir='ltr'><strong>profectus</strong></span> <span class='ocrx_word' id='word_1_150' title='bbox 724 1700 776 1756; x_wconf 89' lang='lat' dir='ltr'><strong>est,</strong></span> <span class='ocrx_word' id='word_1_151' title='bbox 798 1690 1109 1762; x_wconf 84' lang='lat' dir='ltr'><strong>undequinquagesimo</strong></span> <span class='ocrx_word' id='word_1_152' title='bbox 1123 1689 1169 1743; x_wconf 88' lang='lat' dir='ltr'><strong>die</strong></span> 
     </span>
     <span class='ocr_line' id='line_1_19' title="bbox 207 1763 1170 1840; baseline -0.003 -19"><span class='ocrx_word' id='word_1_153' title='bbox 207 1775 294 1821; x_wconf 83' lang='lat' dir='ltr'><strong>totam</strong></span> <span class='ocrx_word' id='word_1_154' title='bbox 308 1767 343 1821; x_wconf 86' lang='lat' dir='ltr'><strong>ad</strong></span> <span class='ocrx_word' id='word_1_155' title='bbox 357 1765 507 1839; x_wconf 92' lang='lat' dir='ltr'><strong>imperium</strong></span> <span class='ocrx_word' id='word_1_156' title='bbox 517 1765 612 1840; x_wconf 90' lang='lat' dir='ltr'><strong>populi</strong></span> <span class='ocrx_word' id='word_1_157' title='bbox 624 1763 748 1820; x_wconf 87' lang='lat' dir='ltr'><strong>Romani</strong></span> <span class='ocrx_word' id='word_1_158' title='bbox 759 1763 889 1819; x_wconf 81' lang='lat' dir='ltr'><strong>Ciliciam</strong></span> <span class='ocrx_word' id='word_1_159' title='bbox 901 1764 1029 1839; x_wconf 84' lang='lat' dir='ltr'><strong>adjunxit</strong></span> <span class='ocrx_word' id='word_1_160' title='bbox 1038 1785 1045 1820; x_wconf 78' lang='lat' dir='ltr'><strong>t</strong></span> <span class='ocrx_word' id='word_1_161' title='bbox 1054 1783 1170 1832; x_wconf 86' lang='lat' dir='ltr'><strong>omnes,</strong></span> 
     </span>
     <span class='ocr_line' id='line_1_20' title="bbox 207 1841 1170 1918; baseline -0.002 -20"><span class='ocrx_word' id='word_1_162' title='bbox 207 1843 256 1918; x_wconf 92' lang='lat' dir='ltr'><strong>qui</strong></span> <span class='ocrx_word' id='word_1_163' title='bbox 271 1843 377 1918; x_wconf 89' lang='lat' dir='ltr'><strong>ubique</strong></span> <span class='ocrx_word' id='word_1_164' title='bbox 389 1844 537 1918; x_wconf 68' lang='lat' dir='ltr'><strong>praedones</strong></span> <span class='ocrx_word' id='word_1_165' title='bbox 548 1843 670 1913; x_wconf 88' lang='lat' dir='ltr'><strong>l&#39;uerunt,</strong></span> <span class='ocrx_word' id='word_1_166' title='bbox 683 1841 785 1917; x_wconf 88' lang='lat' dir='ltr'><strong>partim</strong></span> <span class='ocrx_word' id='word_1_167' title='bbox 795 1841 869 1916; x_wconf 91' lang='lat' dir='ltr'><strong>capti</strong></span> <span class='ocrx_word' id='word_1_168' title='bbox 881 1841 1080 1916; x_wconf 79' lang='lat' dir='ltr'><strong>interfectique</strong></span> <span class='ocrx_word' id='word_1_169' title='bbox 1094 1851 1170 1909; x_wconf 87' lang='lat' dir='ltr'><strong>sunt,</strong></span> 
     </span>
     <span class='ocr_line' id='line_1_21' title="bbox 157 1917 1169 1996; baseline -0.004 -20"><span class='ocrx_word' id='word_1_170' title='bbox 157 1923 193 1976; x_wconf 69' lang='lat'><strong>20</strong></span> <span class='ocrx_word' id='word_1_171' title='bbox 208 1921 309 1996; x_wconf 88' lang='lat' dir='ltr'><strong>partim</strong></span> <span class='ocrx_word' id='word_1_172' title='bbox 323 1921 407 1978; x_wconf 87' lang='lat' dir='ltr'><strong>unius</strong></span> <span class='ocrx_word' id='word_1_173' title='bbox 419 1921 502 1994; x_wconf 84' lang='lat' dir='ltr'><strong>hujus</strong></span> <span class='ocrx_word' id='word_1_174' title='bbox 516 1922 635 1994; x_wconf 91' lang='lat' dir='ltr'><strong>imperio</strong></span> <span class='ocrx_word' id='word_1_175' title='bbox 648 1939 682 1975; x_wconf 88' lang='lat' dir='ltr'><strong>ac</strong></span> <span class='ocrx_word' id='word_1_176' title='bbox 695 1919 822 1993; x_wconf 86' lang='lat' dir='ltr'><strong>potestati</strong></span> <span class='ocrx_word' id='word_1_177' title='bbox 834 1937 864 1974; x_wconf 90' lang='lat' dir='ltr'><strong>se</strong></span> <span class='ocrx_word' id='word_1_178' title='bbox 878 1919 1054 1976; x_wconf 91' lang='lat' dir='ltr'><strong>dediderunt.</strong></span> <span class='ocrx_word' id='word_1_179' title='bbox 1088 1917 1169 1973; x_wconf 92' lang='lat' dir='ltr'><strong>Idem</strong></span> 
     </span>
     <span class='ocr_line' id='line_1_22' title="bbox 208 1993 1171 2068; baseline -0.001 -18"><span class='ocrx_word' id='word_1_180' title='bbox 208 1996 402 2064; x_wconf 87' lang='lat' dir='ltr'><strong>Cretensibus,</strong></span> <span class='ocrx_word' id='word_1_181' title='bbox 417 1993 483 2049; x_wconf 77' lang='lat' dir='ltr'><strong>cirm</strong></span> <span class='ocrx_word' id='word_1_182' title='bbox 504 1997 540 2048; x_wconf 90' lang='lat' dir='ltr'><strong>ad</strong></span> <span class='ocrx_word' id='word_1_183' title='bbox 554 2013 722 2065; x_wconf 79' lang='lat' dir='ltr'><strong>sumusque</strong></span> <span class='ocrx_word' id='word_1_184' title='bbox 736 1996 767 2049; x_wconf 87' lang='lat' dir='ltr'><strong>in</strong></span> <span class='ocrx_word' id='word_1_185' title='bbox 788 1995 981 2066; x_wconf 86' lang='lat' dir='ltr'><strong>Pamphyliam</strong></span> <span class='ocrx_word' id='word_1_186' title='bbox 1000 1995 1109 2068; x_wconf 79' lang='lat' dir='ltr'><strong>legatos</strong></span> <span class='ocrx_word' id='word_1_187' title='bbox 1124 1995 1171 2049; x_wconf 91' lang='lat' dir='ltr'><strong>de·</strong></span> 
     </span>
     <span class='ocr_line' id='line_1_23' title="bbox 207 2069 1171 2144; baseline -0.001 -18"><span class='ocrx_word' id='word_1_188' title='bbox 207 2079 422 2144; x_wconf 90' lang='lat' dir='ltr'><strong>precatoresque</strong></span> <span class='ocrx_word' id='word_1_189' title='bbox 441 2070 593 2138; x_wconf 86' lang='lat' dir='ltr'><strong>misissent,</strong></span> <span class='ocrx_word' id='word_1_190' title='bbox 615 2087 692 2142; x_wconf 89' lang='lat' dir='ltr'><strong>spem</strong></span> <span class='ocrx_word' id='word_1_191' title='bbox 711 2069 864 2124; x_wconf 90' lang='lat' dir='ltr'><strong>deditionis</strong></span> <span class='ocrx_word' id='word_1_192' title='bbox 885 2088 944 2125; x_wconf 92' lang='lat' dir='ltr'><strong>non</strong></span> <span class='ocrx_word' id='word_1_193' title='bbox 958 2071 1074 2141; x_wconf 84' lang='lat' dir='ltr'><strong>ademit,</strong></span> <span class='ocrx_word' id='word_1_194' title='bbox 1097 2070 1171 2127; x_wconf 90' lang='lat' dir='ltr'><strong>obsi·</strong></span> 
     </span>
     <span class='ocr_line' id='line_1_24' title="bbox 208 2145 1169 2220; baseline -0.001 -19"><span class='ocrx_word' id='word_1_195' title='bbox 208 2146 312 2220; x_wconf 86' lang='lat' dir='ltr'><strong>desque</strong></span> <span class='ocrx_word' id='word_1_196' title='bbox 332 2145 486 2219; x_wconf 87' lang='lat' dir='ltr'><strong>imperavit.</strong></span> <span class='ocrx_word' id='word_1_197' title='bbox 527 2145 572 2200; x_wconf 91' lang='lat' dir='ltr'><strong>Ita</strong></span> <span class='ocrx_word' id='word_1_198' title='bbox 586 2156 695 2200; x_wconf 88' lang='lat' dir='ltr'><strong>tantum</strong></span> <span class='ocrx_word' id='word_1_199' title='bbox 714 2145 829 2216; x_wconf 84' lang='lat' dir='ltr'><strong>bellum,</strong></span> <span class='ocrx_word' id='word_1_200' title='bbox 850 2155 907 2200; x_wconf 91' lang='lat' dir='ltr'><strong>tam</strong></span> <span class='ocrx_word' id='word_1_201' title='bbox 922 2146 1100 2217; x_wconf 87' lang='lat' dir='ltr'><strong>diuturnum,</strong></span> <span class='ocrx_word' id='word_1_202' title='bbox 1113 2158 1169 2203; x_wconf 90' lang='lat' dir='ltr'><strong>tam</strong></span> 
     </span>
     <span class='ocr_line' id='line_1_25' title="bbox 208 2219 1169 2298; baseline -0.002 -20"><span class='ocrx_word' id='word_1_203' title='bbox 208 2219 293 2298; x_wconf 69' lang='lat' dir='ltr'><strong>louge</strong></span> <span class='ocrx_word' id='word_1_204' title='bbox 308 2219 421 2297; x_wconf 73' lang='lat' dir='ltr'><strong>lateque</strong></span> <span class='ocrx_word' id='word_1_205' title='bbox 432 2222 601 2297; x_wconf 91' lang='lat' dir='ltr'><strong>dispersum,</strong></span> <span class='ocrx_word' id='word_1_206' title='bbox 616 2240 671 2295; x_wconf 91' lang='lat' dir='ltr'><strong>quo</strong></span> <span class='ocrx_word' id='word_1_207' title='bbox 685 2221 758 2278; x_wconf 89' lang='lat' dir='ltr'><strong>bello</strong></span> <span class='ocrx_word' id='word_1_208' title='bbox 767 2240 866 2278; x_wconf 91' lang='lat' dir='ltr'><strong>omnes</strong></span> <span class='ocrx_word' id='word_1_209' title='bbox 880 2233 979 2296; x_wconf 82' lang='lat' dir='ltr'><strong>gentes</strong></span> <span class='ocrx_word' id='word_1_210' title='bbox 993 2243 1027 2280; x_wconf 88' lang='lat' dir='ltr'><strong>ac</strong></span> <span class='ocrx_word' id='word_1_211' title='bbox 1038 2225 1169 2279; x_wconf 88' lang='lat' dir='ltr'><strong>nationes</strong></span> 
     </span>
     <span class='ocr_line' id='line_1_26' title="bbox 158 2299 1169 2374; baseline -0.003 -18"><span class='ocrx_word' id='word_1_212' title='bbox 158 2302 193 2355; x_wconf 76' lang='lat'><strong>25</strong></span> <span class='ocrx_word' id='word_1_213' title='bbox 209 2301 417 2374; x_wconf 88' lang='lat' dir='ltr'><strong>premebantur,</strong></span> <span class='ocrx_word' id='word_1_214' title='bbox 427 2299 482 2355; x_wconf 87' lang='lat' dir='ltr'><strong>Cn.</strong></span> <span class='ocrx_word' id='word_1_215' title='bbox 494 2299 646 2374; x_wconf 90' lang='lat' dir='ltr'><strong>Pompeius</strong></span> <span class='ocrx_word' id='word_1_216' title='bbox 656 2300 782 2356; x_wconf 71' lang='lat' dir='ltr'><strong>extrema</strong></span> <span class='ocrx_word' id='word_1_217' title='bbox 791 2299 883 2355; x_wconf 92' lang='lat' dir='ltr'><strong>hieme</strong></span> <span class='ocrx_word' id='word_1_218' title='bbox 893 2301 1044 2374; x_wconf 83' lang='lat' dir='ltr'><strong>apparavit,</strong></span> <span class='ocrx_word' id='word_1_219' title='bbox 1052 2301 1169 2356; x_wconf 80' lang='lat' dir='ltr'><strong>ineunte</strong></span> 
     </span>
     <span class='ocr_line' id='line_1_27' title="bbox 208 2375 789 2448; baseline 0.002 -18"><span class='ocrx_word' id='word_1_220' title='bbox 208 2395 274 2432; x_wconf 84' lang='lat' dir='ltr'><strong>vere</strong></span> <span class='ocrx_word' id='word_1_221' title='bbox 287 2377 421 2448; x_wconf 83' lang='lat' dir='ltr'><strong>suscepit,</strong></span> <span class='ocrx_word' id='word_1_222' title='bbox 436 2376 531 2430; x_wconf 65' lang='lat' dir='ltr'><strong>medita</strong></span> <span class='ocrx_word' id='word_1_223' title='bbox 545 2386 641 2430; x_wconf 80' lang='lat' dir='ltr'><strong>astate</strong></span> <span class='ocrx_word' id='word_1_224' title='bbox 656 2375 789 2431; x_wconf 81' lang='lat' dir='ltr'><strong>confecit</strong></span> 
     </span>
     <span class='ocr_line' id='line_1_28' title="bbox 247 2450 1173 2525; baseline 0 -19"><span class='ocrx_word' id='word_1_225' title='bbox 247 2450 335 2506; x_wconf 87' lang='lat' dir='ltr'><strong>XIIl.</strong></span> <span class='ocrx_word' id='word_1_226' title='bbox 370 2451 422 2506; x_wconf 81' lang='lat' dir='ltr'><strong>Est</strong></span> <span class='ocrx_word' id='word_1_227' title='bbox 436 2451 497 2506; x_wconf 83' lang='lat' dir='ltr'><strong>haec</strong></span> <span class='ocrx_word' id='word_1_228' title='bbox 512 2451 608 2505; x_wconf 88' lang='lat' dir='ltr'><strong>divina</strong></span> <span class='ocrx_word' id='word_1_229' title='bbox 628 2461 711 2522; x_wconf 86' lang='lat' dir='ltr'><strong>atque</strong></span> <span class='ocrx_word' id='word_1_230' title='bbox 727 2451 901 2506; x_wconf 90' lang='lat' dir='ltr'><strong>incredibilis</strong></span> <span class='ocrx_word' id='word_1_231' title='bbox 921 2452 1008 2507; x_wconf 91' lang='lat' dir='ltr'><strong>virtus</strong></span> <span class='ocrx_word' id='word_1_232' title='bbox 1022 2453 1173 2525; x_wconf 86' lang='lat' dir='ltr'><strong>imperato·</strong></span> 
     </span>
     <span class='ocr_line' id='line_1_29' title="bbox 208 2523 1171 2602; baseline -0.004 -16"><span class='ocrx_word' id='word_1_233' title='bbox 208 2530 256 2586; x_wconf 87' lang='lat' dir='ltr'><strong>ris.</strong></span> <span class='ocrx_word' id='word_1_234' title='bbox 295 2527 377 2588; x_wconf 76' lang='lat' dir='ltr'><strong>Quid</strong></span> <span class='ocrx_word' id='word_1_235' title='bbox 392 2538 510 2598; x_wconf 82' lang='lat' dir='ltr'><strong>caeterae,</strong></span> <span class='ocrx_word' id='word_1_236' title='bbox 524 2545 594 2600; x_wconf 88' lang='lat' dir='ltr'><strong>quas</strong></span> <span class='ocrx_word' id='word_1_237' title='bbox 604 2523 688 2601; x_wconf 73' lang='lat' dir='ltr'><strong>pauli)</strong></span> <span class='ocrx_word' id='word_1_238' title='bbox 704 2523 770 2582; x_wconf 69' lang='lat' dir='ltr'><strong>ante</strong></span> <span class='ocrx_word' id='word_1_239' title='bbox 785 2545 1005 2584; x_wconf 79' lang='lat' dir='ltr'><strong>commemorare</strong></span> <span class='ocrx_word' id='word_1_240' title='bbox 1018 2546 1171 2602; x_wconf 89' lang='lat' dir='ltr'><strong>coeperam,</strong></span> 
     </span>
     <span class='ocr_line' id='line_1_30' title="bbox 209 2601 1169 2682; baseline -0.004 -20"><span class='ocrx_word' id='word_1_241' title='bbox 209 2616 322 2681; x_wconf 81' lang='lat' dir='ltr'><strong>quantae</strong></span> <span class='ocrx_word' id='word_1_242' title='bbox 336 2617 418 2682; x_wconf 90' lang='lat' dir='ltr'><strong>atque</strong></span> <span class='ocrx_word' id='word_1_243' title='bbox 432 2602 518 2681; x_wconf 76' lang='lat' dir='ltr'><strong>quim</strong></span> <span class='ocrx_word' id='word_1_244' title='bbox 531 2605 628 2682; x_wconf 81' lang='lat' dir='ltr'><strong>multae</strong></span> <span class='ocrx_word' id='word_1_245' title='bbox 642 2605 726 2661; x_wconf 84' lang='lat' dir='ltr'><strong>sunt!</strong></span> <span class='ocrx_word' id='word_1_246' title='bbox 767 2603 834 2662; x_wconf 92' lang='lat' dir='ltr'><strong>Non</strong></span> <span class='ocrx_word' id='word_1_247' title='bbox 848 2604 926 2661; x_wconf 87' lang='lat' dir='ltr'><strong>enim</strong></span> <span class='ocrx_word' id='word_1_248' title='bbox 940 2601 1030 2662; x_wconf 80' lang='lat' dir='ltr'><strong>solum</strong></span> <span class='ocrx_word' id='word_1_249' title='bbox 1046 2603 1169 2662; x_wconf 90' lang='lat' dir='ltr'><strong>bellandi</strong></span> 
     </span>
     <span class='ocr_line' id='line_1_31' title="bbox 159 2683 1170 2760; baseline -0.004 -20"><span class='ocrx_word' id='word_1_250' title='bbox 159 2695 194 2749; x_wconf 78' lang='lat'><strong>30</strong></span> <span class='ocrx_word' id='word_1_251' title='bbox 210 2685 298 2742; x_wconf 88' lang='lat' dir='ltr'><strong>virtus</strong></span> <span class='ocrx_word' id='word_1_252' title='bbox 318 2685 348 2742; x_wconf 88' lang='lat' dir='ltr'><strong>iu</strong></span> <span class='ocrx_word' id='word_1_253' title='bbox 369 2703 479 2742; x_wconf 92' lang='lat' dir='ltr'><strong>summo</strong></span> <span class='ocrx_word' id='word_1_254' title='bbox 498 2696 581 2758; x_wconf 88' lang='lat' dir='ltr'><strong>atque</strong></span> <span class='ocrx_word' id='word_1_255' title='bbox 604 2683 729 2760; x_wconf 82' lang='lat' dir='ltr'><strong>perlecto</strong></span> <span class='ocrx_word' id='word_1_256' title='bbox 749 2683 917 2758; x_wconf 88' lang='lat' dir='ltr'><strong>imperatore</strong></span> <span class='ocrx_word' id='word_1_257' title='bbox 938 2684 1088 2757; x_wconf 83' lang='lat' dir='ltr'><strong>quaerenda</strong></span> <span class='ocrx_word' id='word_1_258' title='bbox 1108 2692 1170 2748; x_wconf 86' lang='lat' dir='ltr'><strong>est;</strong></span> 
     </span>
     <span class='ocr_line' id='line_1_32' title="bbox 211 2759 1171 2832; baseline -0.006 -14"><span class='ocrx_word' id='word_1_259' title='bbox 211 2765 262 2818; x_wconf 89' lang='lat' dir='ltr'><strong>sed</strong></span> <span class='ocrx_word' id='word_1_260' title='bbox 276 2763 374 2818; x_wconf 76' lang='lat' dir='ltr'><strong>multae</strong></span> <span class='ocrx_word' id='word_1_261' title='bbox 393 2773 459 2818; x_wconf 90' lang='lat' dir='ltr'><strong>sunt</strong></span> <span class='ocrx_word' id='word_1_262' title='bbox 473 2773 545 2816; x_wconf 88' lang='lat' dir='ltr'><strong>artes</strong></span> <span class='ocrx_word' id='word_1_263' title='bbox 566 2761 686 2828; x_wconf 76' lang='lat' dir='ltr'><strong>eximie,</strong></span> <span class='ocrx_word' id='word_1_264' title='bbox 701 2761 785 2832; x_wconf 88' lang='lat' dir='ltr'><strong>hujus</strong></span> <span class='ocrx_word' id='word_1_265' title='bbox 806 2759 978 2816; x_wconf 68' lang='lat' dir='ltr'><strong>administras</strong></span> <span class='ocrx_word' id='word_1_266' title='bbox 998 2761 1171 2832; x_wconf 86' lang='lat' dir='ltr'><strong>comitesque</strong></span> 
     </span>
     <span class='ocr_line' id='line_1_33' title="bbox 210 2832 1171 2910; baseline -0.003 -18"><span class='ocrx_word' id='word_1_267' title='bbox 210 2839 328 2893; x_wconf 90' lang='lat' dir='ltr'><strong>virtutis.</strong></span> <span class='ocrx_word' id='word_1_268' title='bbox 370 2837 425 2902; x_wconf 86' lang='lat' dir='ltr'><strong>Ac,</strong></span> <span class='ocrx_word' id='word_1_269' title='bbox 439 2832 571 2905; x_wconf 82' lang='lat' dir='ltr'><strong>primdm,</strong></span> <span class='ocrx_word' id='word_1_270' title='bbox 585 2833 691 2904; x_wconf 68' lang='lat' dir='ltr'><strong>quanta</strong></span> <span class='ocrx_word' id='word_1_271' title='bbox 705 2834 870 2886; x_wconf 67' lang='lat' dir='ltr'><strong>innocentia</strong></span> <span class='ocrx_word' id='word_1_272' title='bbox 889 2836 994 2890; x_wconf 90' lang='lat' dir='ltr'><strong>debent</strong></span> <span class='ocrx_word' id='word_1_273' title='bbox 1008 2855 1070 2891; x_wconf 87' lang='lat' dir='ltr'><strong>esse</strong></span> <span class='ocrx_word' id='word_1_274' title='bbox 1084 2838 1171 2910; x_wconf 90' lang='lat' dir='ltr'><strong>impe·</strong></span> 
     </span>
     <span class='ocr_line' id='line_1_34' title="bbox 209 2906 1170 2982; baseline -0.001 -16"><span class='ocrx_word' id='word_1_275' title='bbox 209 2911 334 2966; x_wconf 85' lang='lat' dir='ltr'><strong>ratores!</strong></span> <span class='ocrx_word' id='word_1_276' title='bbox 369 2907 474 2980; x_wconf 66' lang='lat' dir='ltr'><strong>quanta</strong></span> <span class='ocrx_word' id='word_1_277' title='bbox 501 2907 603 2960; x_wconf 88' lang='lat' dir='ltr'><strong>deinde</strong></span> <span class='ocrx_word' id='word_1_278' title='bbox 630 2906 762 2960; x_wconf 90' lang='lat' dir='ltr'><strong>omnibus</strong></span> <span class='ocrx_word' id='word_1_279' title='bbox 789 2906 820 2961; x_wconf 93' lang='lat' dir='ltr'><strong>in</strong></span> <span class='ocrx_word' id='word_1_280' title='bbox 846 2906 932 2962; x_wconf 88' lang='lat' dir='ltr'><strong>rebus</strong></span> <span class='ocrx_word' id='word_1_281' title='bbox 960 2909 1170 2982; x_wconf 72' lang='lat' dir='ltr'><strong>temperantia!</strong></span> 
     </span>
     <span class='ocr_line' id='line_1_35' title="bbox 210 2982 1173 3059; baseline 0.001 -19"><span class='ocrx_word' id='word_1_282' title='bbox 210 2985 317 3059; x_wconf 68' lang='lat' dir='ltr'><strong>quanti</strong></span> <span class='ocrx_word' id='word_1_283' title='bbox 331 2984 401 3040; x_wconf 86' lang='lat' dir='ltr'><strong>fide!</strong></span> <span class='ocrx_word' id='word_1_284' title='bbox 424 2982 530 3056; x_wconf 64' lang='lat' dir='ltr'><strong>quanti</strong></span> <span class='ocrx_word' id='word_1_285' title='bbox 544 2982 694 3038; x_wconf 85' lang='lat' dir='ltr'><strong>facilitate!</strong></span> <span class='ocrx_word' id='word_1_286' title='bbox 714 2992 820 3054; x_wconf 90' lang='lat' dir='ltr'><strong>quanto</strong></span> <span class='ocrx_word' id='word_1_287' title='bbox 842 2982 979 3056; x_wconf 82' lang='lat' dir='ltr'><strong>ingenio!</strong></span> <span class='ocrx_word' id='word_1_288' title='bbox 999 2984 1104 3056; x_wconf 75' lang='lat' dir='ltr'><strong>quantd</strong></span> <span class='ocrx_word' id='word_1_289' title='bbox 1119 2987 1173 3041; x_wconf 92' lang='lat' dir='ltr'><strong>hu·</strong></span> 
     </span>
     <span class='ocr_line' id='line_1_36' title="bbox 159 3057 1172 3136; baseline 0 -18"><span class='ocrx_word' id='word_1_290' title='bbox 159 3076 195 3129; x_wconf 82' lang='lat'><strong>35</strong></span> <span class='ocrx_word' id='word_1_291' title='bbox 210 3062 365 3119; x_wconf 85' lang='lat' dir='ltr'><strong>manitate!</strong></span> <span class='ocrx_word' id='word_1_292' title='bbox 404 3060 490 3136; x_wconf 65' lang='lat' dir='ltr'><strong>Quae,</strong></span> <span class='ocrx_word' id='word_1_293' title='bbox 505 3059 636 3130; x_wconf 89' lang='lat' dir='ltr'><strong>breviter,</strong></span> <span class='ocrx_word' id='word_1_294' title='bbox 655 3058 749 3132; x_wconf 89' lang='lat' dir='ltr'><strong>qualia</strong></span> <span class='ocrx_word' id='word_1_295' title='bbox 762 3058 819 3114; x_wconf 90' lang='lat' dir='ltr'><strong>sint</strong></span> <span class='ocrx_word' id='word_1_296' title='bbox 833 3059 862 3114; x_wconf 95' lang='lat' dir='ltr'><strong>in</strong></span> <span class='ocrx_word' id='word_1_297' title='bbox 877 3057 931 3114; x_wconf 83' lang='lat' dir='ltr'><strong>Cn.</strong></span> <span class='ocrx_word' id='word_1_298' title='bbox 945 3058 1090 3133; x_wconf 91' lang='lat' dir='ltr'><strong>Pompeio,</strong></span> <span class='ocrx_word' id='word_1_299' title='bbox 1103 3081 1172 3120; x_wconf 91' lang='lat' dir='ltr'><strong>con-</strong></span> 
     </span>
     <span class='ocr_line' id='line_1_37' title="bbox 210 3134 1170 3205; baseline -0.001 -8"><span class='ocrx_word' id='word_1_300' title='bbox 210 3141 375 3197; x_wconf 87' lang='lat' dir='ltr'><strong>sideremus.</strong></span> <span class='ocrx_word' id='word_1_301' title='bbox 417 3138 534 3190; x_wconf 86' lang='lat' dir='ltr'><strong>Summa</strong></span> <span class='ocrx_word' id='word_1_302' title='bbox 559 3136 637 3190; x_wconf 91' lang='lat' dir='ltr'><strong>enim</strong></span> <span class='ocrx_word' id='word_1_303' title='bbox 663 3135 759 3190; x_wconf 89' lang='lat' dir='ltr'><strong>omnia</strong></span> <span class='ocrx_word' id='word_1_304' title='bbox 785 3146 860 3205; x_wconf 90' lang='lat' dir='ltr'><strong>sunt,</strong></span> <span class='ocrx_word' id='word_1_305' title='bbox 882 3134 1031 3195; x_wconf 80' lang='lat' dir='ltr'><strong>Quirites:</strong></span> <span class='ocrx_word' id='word_1_306' title='bbox 1058 3140 1108 3194; x_wconf 93' lang='lat' dir='ltr'><strong>sed</strong></span> <span class='ocrx_word' id='word_1_307' title='bbox 1136 3159 1170 3196; x_wconf 90' lang='lat' dir='ltr'><strong>ea</strong></span> 
     </span>
     <span class='ocr_line' id='line_1_38' title="bbox 210 3208 1170 3292; baseline 0.007 -25"><span class='ocrx_word' id='word_1_308' title='bbox 210 3216 302 3288; x_wconf 82' lang='lat' dir='ltr'><strong>magis</strong></span> <span class='ocrx_word' id='word_1_309' title='bbox 315 3231 351 3267; x_wconf 83' lang='lat' dir='ltr'><strong>ex</strong></span> <span class='ocrx_word' id='word_1_310' title='bbox 364 3211 481 3266; x_wconf 89' lang='lat' dir='ltr'><strong>aliorum</strong></span> <span class='ocrx_word' id='word_1_311' title='bbox 495 3212 688 3281; x_wconf 84' lang='lat' dir='ltr'><strong>contentione,</strong></span> <span class='ocrx_word' id='word_1_312' title='bbox 709 3208 795 3286; x_wconf 73' lang='lat' dir='ltr'><strong>quim</strong></span> <span class='ocrx_word' id='word_1_313' title='bbox 809 3211 870 3287; x_wconf 88' lang='lat' dir='ltr'><strong>ipsa</strong></span> <span class='ocrx_word' id='word_1_314' title='bbox 884 3231 934 3287; x_wconf 92' lang='lat' dir='ltr'><strong>per</strong></span> <span class='ocrx_word' id='word_1_315' title='bbox 949 3231 1020 3284; x_wconf 89' lang='lat' dir='ltr'><strong>sese,</strong></span> <span class='ocrx_word' id='word_1_316' title='bbox 1033 3217 1170 3292; x_wconf 81' lang='lat' dir='ltr'><strong>cognosci</strong></span> 
     </span>
     <span class='ocr_line' id='line_1_39' title="bbox 210 3287 566 3362; baseline -0.014 -16"><span class='ocrx_word' id='word_1_317' title='bbox 210 3301 294 3362; x_wconf 88' lang='lat' dir='ltr'><strong>atquc</strong></span> <span class='ocrx_word' id='word_1_318' title='bbox 308 3287 428 3362; x_wconf 83' lang='lat' dir='ltr'><strong>intelligi</strong></span> <span class='ocrx_word' id='word_1_319' title='bbox 441 3297 566 3362; x_wconf 87' lang='lat' dir='ltr'><strong>possunt.</strong></span> 
     </span>
     <span class='ocr_line' id='line_1_40' title="bbox 249 3364 1169 3447; baseline 0.003 -22"><span class='ocrx_word' id='word_1_320' title='bbox 249 3364 348 3425; x_wconf 80' lang='lat' dir='ltr'><strong>Quem</strong></span> <span class='ocrx_word' id='word_1_321' title='bbox 362 3366 439 3422; x_wconf 90' lang='lat' dir='ltr'><strong>enim</strong></span> <span class='ocrx_word' id='word_1_322' title='bbox 452 3381 600 3439; x_wconf 84' lang='lat' dir='ltr'><strong>possumus</strong></span> <span class='ocrx_word' id='word_1_323' title='bbox 621 3364 817 3438; x_wconf 90' lang='lat' dir='ltr'><strong>imperatorem</strong></span> <span class='ocrx_word' id='word_1_324' title='bbox 831 3366 924 3443; x_wconf 90' lang='lat' dir='ltr'><strong>aliquo</strong></span> <span class='ocrx_word' id='word_1_325' title='bbox 944 3367 974 3424; x_wconf 91' lang='lat' dir='ltr'><strong>in</strong></span> <span class='ocrx_word' id='word_1_326' title='bbox 988 3387 1108 3428; x_wconf 87' lang='lat' dir='ltr'><strong>numero</strong></span> <span class='ocrx_word' id='word_1_327' title='bbox 1120 3391 1169 3447; x_wconf 91' lang='lat' dir='ltr'><strong>pu·</strong></span> 
     </span>
     <span class='ocr_line' id='line_1_41' title="bbox 162 3443 1169 3520; baseline 0.006 -20"><span class='ocrx_word' id='word_1_328' title='bbox 162 3457 196 3510; x_wconf 79' lang='grc'><strong>40</strong></span> <span class='ocrx_word' id='word_1_329' title='bbox 210 3454 280 3512; x_wconf 83' lang='lat' dir='ltr'><strong>tare,</strong></span> <span class='ocrx_word' id='word_1_330' title='bbox 294 3443 375 3516; x_wconf 88' lang='lat' dir='ltr'><strong>cujus</strong></span> <span class='ocrx_word' id='word_1_331' title='bbox 390 3444 419 3499; x_wconf 91' lang='lat' dir='ltr'><strong>in</strong></span> <span class='ocrx_word' id='word_1_332' title='bbox 434 3443 560 3499; x_wconf 84' lang='lat' dir='ltr'><strong>exercitu</strong></span> <span class='ocrx_word' id='word_1_333' title='bbox 580 3452 701 3498; x_wconf 82' lang='lat' dir='ltr'><strong>veneant</strong></span> <span class='ocrx_word' id='word_1_334' title='bbox 714 3443 892 3500; x_wconf 88' lang='lat' dir='ltr'><strong>centuriatus</strong></span> <span class='ocrx_word' id='word_1_335' title='bbox 911 3455 993 3520; x_wconf 85' lang='lat' dir='ltr'><strong>atque</strong></span> <span class='ocrx_word' id='word_1_336' title='bbox 1008 3448 1146 3506; x_wconf 84' lang='lat' dir='ltr'><strong>venierint</strong></span> <span class='ocrx_word' id='word_1_337' title='bbox 1155 3450 1169 3506; x_wconf 88' lang='grc'><strong>’1</strong></span> 
     </span>
     <span class='ocr_line' id='line_1_42' title="bbox 211 3520 1167 3602; baseline 0.005 -26"><span class='ocrx_word' id='word_1_338' title='bbox 211 3520 279 3595; x_wconf 92' lang='lat' dir='ltr'><strong>quid</strong></span> <span class='ocrx_word' id='word_1_339' title='bbox 303 3520 379 3576; x_wconf 92' lang='lat' dir='ltr'><strong>hunc</strong></span> <span class='ocrx_word' id='word_1_340' title='bbox 401 3521 544 3576; x_wconf 85' lang='lat' dir='ltr'><strong>hominem</strong></span> <span class='ocrx_word' id='word_1_341' title='bbox 567 3537 703 3595; x_wconf 86' lang='lat' dir='ltr'><strong>magnum</strong></span> <span class='ocrx_word' id='word_1_342' title='bbox 730 3531 779 3576; x_wconf 89' lang='lat' dir='ltr'><strong>aut</strong></span> <span class='ocrx_word' id='word_1_343' title='bbox 799 3521 923 3596; x_wconf 86' lang='lat' dir='ltr'><strong>amplum</strong></span> <span class='ocrx_word' id='word_1_344' title='bbox 947 3523 982 3578; x_wconf 91' lang='lat' dir='ltr'><strong>de</strong></span> <span class='ocrx_word' id='word_1_345' title='bbox 1004 3525 1167 3602; x_wconf 69' lang='lat' dir='ltr'><strong>republica</strong></span> 
     </span>
     <span class='ocr_line' id='line_1_43' title="bbox 212 3596 1169 3672; baseline 0.005 -18"><span class='ocrx_word' id='word_1_346' title='bbox 212 3597 346 3672; x_wconf 85' lang='lat' dir='ltr'><strong>cogitare,</strong></span> <span class='ocrx_word' id='word_1_347' title='bbox 370 3596 417 3668; x_wconf 91' lang='lat' dir='ltr'><strong>qui</strong></span> <span class='ocrx_word' id='word_1_348' title='bbox 438 3598 600 3669; x_wconf 90' lang='lat' dir='ltr'><strong>pecuniam,</strong></span> <span class='ocrx_word' id='word_1_349' title='bbox 621 3617 657 3655; x_wconf 87' lang='lat' dir='ltr'><strong>ex</strong></span> <span class='ocrx_word' id='word_1_350' title='bbox 676 3597 775 3653; x_wconf 70' lang='lat' dir='ltr'><strong>erario</strong></span> <span class='ocrx_word' id='word_1_351' title='bbox 796 3597 989 3671; x_wconf 86' lang='lat' dir='ltr'><strong>depromptam</strong></span> <span class='ocrx_word' id='word_1_352' title='bbox 1010 3601 1045 3656; x_wconf 86' lang='lat' dir='ltr'><strong>ad</strong></span> <span class='ocrx_word' id='word_1_353' title='bbox 1066 3601 1169 3659; x_wconf 87' lang='lat' dir='ltr'><strong>bellum</strong></span> 
     </span>
     <span class='ocr_line' id='line_1_44' title="bbox 214 3672 1170 3754; baseline 0.001 -22"><span class='ocrx_word' id='word_1_354' title='bbox 214 3672 475 3740; x_wconf 85' lang='lat' dir='ltr'><strong>administrandum,</strong></span> <span class='ocrx_word' id='word_1_355' title='bbox 491 3684 548 3741; x_wconf 92' lang='lat' dir='ltr'><strong>aut,</strong></span> <span class='ocrx_word' id='word_1_356' title='bbox 562 3685 675 3746; x_wconf 92' lang='lat' dir='ltr'><strong>propter</strong></span> <span class='ocrx_word' id='word_1_357' title='bbox 689 3673 871 3746; x_wconf 87' lang='lat' dir='ltr'><strong>cupiditatem</strong></span> <span class='ocrx_word' id='word_1_358' title='bbox 891 3674 1053 3746; x_wconf 71' lang='lat' dir='ltr'><strong>provincie,</strong></span> <span class='ocrx_word' id='word_1_359' title='bbox 1068 3679 1170 3754; x_wconf 84' lang='lat' dir='ltr'><strong>magis-</strong></span> 
     </span>
     <span class='ocr_line' id='line_1_45' title="bbox 214 3747 1168 3827; baseline 0.002 -16"><span class='ocrx_word' id='word_1_360' title='bbox 214 3751 333 3811; x_wconf 83' lang='lat' dir='ltr'><strong>tratibus</strong></span> <span class='ocrx_word' id='word_1_361' title='bbox 346 3747 481 3819; x_wconf 84' lang='lat' dir='ltr'><strong>diviserit,</strong></span> <span class='ocrx_word' id='word_1_362' title='bbox 496 3757 544 3804; x_wconf 88' lang='lat' dir='ltr'><strong>aut</strong></span> <span class='ocrx_word' id='word_1_363' title='bbox 556 3759 668 3824; x_wconf 85' lang='lat' dir='ltr'><strong>propter</strong></span> <span class='ocrx_word' id='word_1_364' title='bbox 688 3749 831 3806; x_wconf 84' lang='lat' dir='ltr'><strong>avaritiam</strong></span> <span class='ocrx_word' id='word_1_365' title='bbox 845 3748 947 3807; x_wconf 80' lang='lat' dir='ltr'><strong>Romae</strong></span> <span class='ocrx_word' id='word_1_366' title='bbox 961 3751 992 3808; x_wconf 88' lang='lat' dir='ltr'><strong>in</strong></span> <span class='ocrx_word' id='word_1_367' title='bbox 1005 3763 1112 3827; x_wconf 76' lang='lat' dir='ltr'><strong>questu</strong></span> <span class='ocrx_word' id='word_1_368' title='bbox 1126 3772 1168 3813; x_wconf 78' lang='lat' dir='ltr'><strong>re-</strong></span> 
     </span>
    </p>
   </div>
   <div class='ocr_carea' id='block_1_3' title="bbox 0 0 1280 4212">
    <p class='ocr_par' dir='ltr' id='par_1_3' title="bbox 0 0 1280 4212">
     <span class='ocr_line' id='line_1_46' title="bbox 0 0 1280 4212; baseline 0 0"><span class='ocrx_word' id='word_1_369' title='bbox 0 0 1280 4212; x_wconf 95' lang='lat' dir='ltr'><strong> </strong></span> 
     </span>
    </p>
   </div>
  </div>
 </body>
</html>
