2516 4204
307 283 446 334 casuro
458 281 528 332 sno
543 284 575 333 u.
591 285 705 334 unsre
720 283 868 353 unone
1062 287 1119 354 m

105 429 180 488 claro
193 435 292 484 mour:
312 424 368 480 nisi
391 421 462 480 sont
476 424 586 482 idcirce
598 443 661 482 ssss
676 444 734 484 acu
747 439 856 502 prtsut,
868 428 934 504 quis
947 443 1006 488 non
1020 447 1067 507 sp·

103 515 194 582 paret,
208 519 264 560 nec
281 501 421 558 cernitur:
441 502 560 574 proinde
579 504 659 576 quasi
679 513 802 560 nostram
824 506 911 580 imum
932 519 1066 580 mentem,

104 583 162 657 qus
175 581 309 655 sapimus,
323 578 379 652 qui
392 578 581 652 providemus,
594 579 651 652 qui
665 580 728 636 hec
748 582 809 656 ipsa
826 583 936 657 sgimrn
949 603 984 641 sc
998 586 1067 642 dici·

104 678 180 730 mus,
195 658 300 727 videre,
314 667 362 712 aut
375 652 472 730 planti,
487 656 578 729 qualis
595 666 644 711 aut
662 658 711 712 ubi
733 658 779 728 sit,
794 659 898 716 sentire
918 663 1065 734 possimus.

104 733 147 793 Ea
161 737 211 806 vis,
227 753 262 792 ea
280 744 325 790 est
343 734 428 807 igitur
441 733 511 806 ipsa,
531 751 594 805 quas
615 751 689 808 sepe
714 735 894 792 incredibiles
916 737 984 793 huic
1003 739 1066 795 urbi
1086 743 1105 797 s

105 813 255 870 felicitates
267 822 351 884 atque
362 827 431 883 opes
444 810 545 878 attulit,
556 827 619 883 quas
632 809 708 866 illurn
720 811 875 884 perniciem
888 815 1022 871 exstinxit
1032 831 1067 872 sc

105 889 236 956 australit3
257 888 306 943 cui
320 883 441 960 primitur
454 897 580 942 mentem
593 887 701 960 injecit,
715 889 785 943 utri
806 889 924 960 irritare,
939 891 1065 964 ferroque

105 965 258 1035 lacessere,
273 963 451 1020 fortissimum
475 963 565 1018 virum
589 963 714 1033 auderet,
727 963 941 1040 vincereturque
965 968 1001 1024 sb
1019 985 1064 1039 ec,

105 1042 238 1117 quernei
261 1039 382 1110 vicisset,
396 1041 542 1096 habiturus
561 1049 637 1096 esset
658 1039 853 1114 impunitatem
873 1053 903 1099 et
922 1043 1065 1100 licentiam

105 1119 313 1192 sempiternam.
345 1116 412 1174 Non
423 1127 466 1174 est
477 1118 600 1174 humano
609 1117 740 1188 consilio,
749 1135 786 1174 ne
794 1119 930 1176 mediocri
941 1121 1065 1194 quidem,
1081 1127 1115 1182 1⁰

102 1197 222 1272 judices,
237 1195 362 1252 Deorum
379 1195 578 1250 immortalium
592 1194 673 1264 curi,
687 1212 732 1250 res
749 1193 796 1251 illa
813 1196 945 1269 perlecta
987 1197 1066 1254 Reli·

104 1274 205 1348 giones
219 1271 409 1348 (mehercule)
424 1272 502 1345 ipse,
512 1290 575 1345 qua
589 1271 665 1326 illam
679 1271 799 1328 belluam
810 1273 911 1330 cadere
923 1275 1063 1346 viderunt,

104 1348 264 1406 commisse
278 1369 309 1405 se
323 1349 463 1418 ridentur,
476 1360 505 1404 et
522 1349 570 1422 jus
583 1348 613 1404 in
627 1348 677 1404 illo
698 1365 780 1404 sumn
803 1350 962 1406 retinuisse.
1004 1349 1064 1407 Vos

105 1427 183 1484 euim
202 1427 271 1500 jam,
293 1425 398 1480 Albani
418 1425 519 1482 tumuli
540 1436 624 1498 atque
644 1425 712 1494 luci,
730 1441 787 1494 vos,
809 1426 933 1498 inquam,
948 1426 1065 1502 imploro

105 1513 423 1636 {tquetestor,vost1tue,
434 1501 728 1634 Anllbenorurnolllsrutre
742 1519 807 1570 aras,
818 1519 960 1633 sacrorunp
970 1502 1065 1590 populi
1081 1511 1115 1564 15

139 1597 237 1635 ornam
250 1595 333 1634 εοοιω
353 1597 369 1634 e
394 1596 455 1651 equ
482 1597 522 1648 es,
536 1597 604 1652 quas
626 1597 635 1634 1
656 1595 682 1646 e,
697 1595 824 1652 preceps
836 1591 941 1634 amenti
963 1595 1066 1648 ,cesis

103 1655 306 1730 prostratisque
325 1655 511 1712 sanctissimis
530 1654 612 1725 lucis,
626 1654 867 1710 substructionum
886 1653 994 1712 insanis
1007 1673 1066 1712 ruo·
1162 1687 1175 1708 .

104 1733 181 1788 libus
190 1743 383 1807 oppresserat3
404 1743 502 1788 vestrm
516 1743 576 1788 tum
595 1749 661 1801 arra,
676 1739 775 1788 vestr·
796 1731 956 1805 religiones,
970 1733 1066 1807 rigua·

105 1819 191 1876 runt3
212 1819 304 1864 vestra
323 1810 365 1864 vis
386 1810 483 1880 valuit,
501 1825 586 1881 qnam
610 1809 656 1864 ille
678 1807 758 1864 omni
781 1807 889 1864 scelere
912 1809 1064 1882 polluerat3

105 1895 206 1958 tuque,
221 1904 256 1941 ex
269 1895 319 1941 tuo
332 1885 408 1941 edito
421 1896 528 1954 monte,
541 1884 661 1941 Latiaris
674 1895 774 1941 sancte
788 1884 908 1960 Jupiter,
923 1885 1005 1958 cujus
1018 1884 1066 1956 ille
1079 1891 1115 1946 ω

103 1961 194 2032 lacus,
209 1971 335 2032 nemora,
351 1962 489 2035 finesque,
502 1980 578 2036 saepe
590 1963 669 2018 omni
683 1961 791 2018 nefario
804 1971 901 2036 stupro
915 1972 944 2018 et
957 1961 1065 2018 scelere

105 2039 273 2109 maculirat,
294 2039 445 2112 aliquando
466 2040 503 2095 ad
515 2057 582 2095 eum
602 2040 781 2113 puniendum
801 2039 899 2095 oculos
913 2039 1063 2114 aperuisti:

12 2157 13 2162 κ
104 2115 183 2171 vobis
197 2116 263 2186 illae,
276 2116 354 2172 vobis
369 2126 462 2172 vestro
475 2116 506 2172 in
520 2125 686 2188 conspectu,
700 2133 781 2185 sere,
795 2116 845 2170 sed
863 2115 947 2188 juste
968 2126 1063 2170 tumen

102 2198 134 2248 et
147 2193 261 2261 debita,
274 2209 366 2264 prenae
388 2191 488 2248 solutes
511 2201 588 2246 sunt.
629 2190 694 2246 Nisi
716 2189 788 2246 sorte
810 2192 865 2245 boc
885 2191 971 2244 etiam
995 2207 1064 2244 casu

104 2267 213 2324 facturn
227 2286 290 2322 esse
304 2268 443 2334 dicemus,
457 2277 499 2335 ut,
513 2277 581 2322 ante
600 2267 692 2340 ipsum
713 2266 867 2322 sacrarium
882 2266 969 2323 Bone
984 2265 1063 2337 Dete,
1079 2272 1114 2326 25

101 2343 181 2416 quod
195 2353 238 2398 est
251 2343 281 2398 in
296 2343 383 2398 fundo
398 2340 434 2396 T.
450 2342 540 2398 Sextii
554 2342 639 2412 Galli,
650 2343 680 2398 in
693 2343 792 2416 primis
806 2343 916 2399 honesti
930 2353 958 2398 et
971 2343 1063 2400 ornati

101 2419 302 2490 adolescentis,
316 2429 383 2476 ants
397 2417 498 2492 ipsam,
512 2419 638 2490 inquam,
652 2416 761 2474 Bonam
776 2419 877 2490 Deam
892 2417 959 2476 curn
972 2421 1065 2494 prreli·

101 2514 160 2566 um¹
167 2497 365 2563 commisisset,
377 2491 510 2568 primurn
524 2495 593 2550 illud
608 2495 710 2550 vulnus
723 2496 875 2570 acciperet,
888 2515 944 2568 quo
957 2498 1065 2553 teterri-

101 2590 182 2638 marn
203 2581 323 2626 mortem
343 2571 451 2635 obiret;
471 2577 505 2624 ut
523 2588 582 2624 uon
603 2571 747 2628 absolutus
764 2571 873 2646 judicio
893 2572 941 2626 illo
956 2573 1064 2628 nefario

100 2647 259 2715 videretur,
274 2645 323 2700 sed
338 2645 374 2700 ad
388 2645 464 2700 bunc
477 2644 619 2717 insignem
632 2664 745 2718 poenam
758 2656 923 2704 reservatus.
1078 2657 1115 2710 30

137 2721 273 2780 XXXII.
309 2719 374 2778 Nec
385 2717 453 2776 verri
462 2738 521 2776 uon
532 2721 629 2776 eadem
639 2722 680 2778 irs
690 2723 815 2780 Deorum
828 2724 902 2778 hanc
912 2722 973 2796 ejus
984 2722 1065 2778 astel-

99 2800 204 2858 litibus
225 2798 324 2872 injecit
350 2795 514 2866 amentiam,
534 2807 575 2868 ut,
596 2799 657 2868 sine
684 2800 867 2874 imaginibus,
888 2800 951 2856 sine
977 2809 1064 2856 cantu

99 2888 189 2950 atque
202 2875 285 2946 ludis,
298 2875 362 2932 sine
377 2875 527 2948 exsequiis,
541 2875 604 2932 sine
616 2876 758 2946 lamentis,
770 2877 832 2934 siue
845 2877 1063 2950 laudationibus,

99 2955 164 3010 sine
185 2953 295 3022 flauere,
316 2952 422 3009 oblitus
443 2970 543 3008 cruore
557 2963 586 3009 et
604 2953 674 3023 luto,
688 2953 824 3028 spoliatus
845 2955 920 3008 illius
940 2955 1064 3030 supremi

99 3029 158 3087 diei
171 3030 338 3094 celebritate
352 3047 440 3102 quarn
454 3030 611 3086 concedere
631 3031 718 3086 etiarn
733 3027 843 3084 inimici
857 3029 957 3098 solent,
968 3031 1065 3084 ambu-
1079 3046 1114 3098 35

98 3119 208 3164 reretur
222 3108 360 3182 abjectus.
401 3104 470 3163 Non
490 3105 577 3162 firisse
596 3109 681 3164 credo
695 3101 980 3174 lasciuissimarum
996 3105 1066 3164 viro·

97 3202 167 3240 rum>
186 3185 288 3242 formas
307 3184 349 3240 illi
362 3183 509 3240 teterrimo
530 3183 677 3257 parricide
698 3181 803 3254 aliquid
824 3181 936 3240 decoris
955 3181 1064 3254 afferre,

96 3276 196 3330 neque
209 3259 266 3314 ullo
279 3260 310 3314 in
322 3259 387 3316 locu
399 3257 495 3334 potiris
508 3269 627 3316 mortem
641 3259 705 3334 ejus
724 3257 852 3329 lacerari,
866 3257 952 3332 quim
965 3260 996 3316 in
1010 3277 1065 3334 quo

97 3335 161 3390 sits
172 3343 248 3388 esset
259 3335 399 3392 damnata
620 3352 622 3356 ’

138 3410 224 3468 Dura
237 3411 307 3466 mihi
322 3409 444 3485 (medius
459 3411 559 3488 lidius)
579 3412 637 3486 jum
652 3413 764 3470 fortuna
776 3411 872 3485 populi
887 3411 1022 3484 Romani,
1036 3423 1065 3471 et
1079 3417 1116 3473 40

95 3486 476 3563 crudelis,ridebatur‚·quar
486 3499 528 3545 tot
538 3507 628 3546 annos
642 3487 763 3545 illumin
775 3489 1064 3564 hanc'rernpublicam

95 3565 240 3628 insultare
254 3563 360 3622 videret
372 3577 400 3623 et
412 3576 566 3641 pateretur.
607 3565 858 3638 Polluernbstupro
871 3567 1065 3624 sanctissimas

95 3643 271 3718 religiones:
294 3643 407 3714 senatis
419 3643 587 3718 gravissima
605 3643 720 3698 decreta
732 3641 920 3716 perfregerat:
940 3639 1065 3714 pecunifi

93 3737 127 3777 ὅθ
139 3719 238 3800 palin]
253 3738 271 3780 s
288 3718 433 3795 judicibus
448 3721 625 3777 redemerat:
645 3713 760 3773 rexirat
773 3718 804 3774 in
825 3721 971 3772 tribunatu
985 3721 1066 3764 sena·
