2542 4212
105 329 145 390 78
412 329 548 382 ORATIO
564 329 633 380 PRO
648 329 683 390 Q.
699 328 867 381 tremos·

133 487 139 498 ·
155 467 282 546 {seium
303 463 477 532 mesenatae
497 471 597 538 borum
610 473 751 546 lacrymae,
770 481 880 529 moveat
892 469 993 546 pietas,
1006 481 1112 536 mereat

154 549 342 622 germanitas:
363 550 453 608 valeat
466 561 514 608 tua
527 570 580 607 vox
593 551 649 620 ille,
670 567 732 623 que
747 550 821 606 sinit
863 547 909 604 Te
919 547 1001 604 enim
1021 549 1114 605 disere

155 624 349 697 audiebamus,
366 625 442 698 Nos,
456 647 556 694 omnes
576 627 749 683 adversarios
762 637 872 700 putare,
891 625 948 681 nisi
961 624 1010 698 qni
1023 625 1115 681 nubis·

127 753 130 758 .
156 719 222 761 eum
235 714 350 771 essent3
368 714 398 762 te
412 723 521 775 omnes,
542 705 590 778 qui
603 714 702 760 eontra
714 714 743 759 te
757 721 815 759 non
835 713 941 772 essent,
955 711 1026 757 tuos.
1066 701 1115 757 Vi-

122 777 245 836 taem
272 779 456 853 igitur-buno
477 783 664 856 splendorem,
685 798 799 836 omnem
820 780 895 836 hene
922 778 1113 852 Broeeimrum

156 855 281 924 domum,
308 857 386 912 iiune
413 849 450 911 Ls
465 856 625 926 Marcium‚-
648 857 682 911 G.
703 856 866 930 Caesetium,
892 854 1113 930 L.⁴Curtidium‚

155 929 240 988 hosne
254 947 354 994 omnes
369 932 478 1004 equites
490 932 707 1004 Romanos,'qui
718 933 821 987 adsunt
835 943 911 988 reste
923 930 1041 1001 mutate,
1056 949 1113 988 non

156 1003 246 1062 solnm
259 1017 340 1066 notos
360 1007 422 1078 tibi,
436 1003 544 1066 verbm·
554 1009 782 1082 etiamprobatos
796 1009 877 1077 viros,
898 1018 993 1064 tecum
1008 1008 1113 1064 fuisset

156 1079 250 1154 Atque
259 1083 303 1140 his
314 1084 520 1153 iraseebamur3
535 1087 586 1142 bos
596 1085 822 1158 requirebamus3
837 1084 881 1140 bis
889 1084 1017 1140 nonnulli
1027 1084 1113 1140 etiarn
1136 1145 1137 1150 ἵ

107 1156 141 1208 10
158 1149 558 1236 [minabamur.]··'Conserva
585 1161 747 1236 igiturtuis
767 1180 853 1228 snos3
874 1171 915 1231 ut,
935 1161 1114 1234 quemadmo-

155 1233 223 1290 dum
236 1245 414 1308 ceteraque
428 1238 504 1294 diets
524 1249 590 1295 sunt
603 1249 673 1308 ate,
681 1239 736 1293 mie
749 1239 803 1293 hoe
823 1238 999 1294 verissimum
1012 1237 1113 1311 reperi·

154 1319 225 1366 atur.
439 1317 447 1332 ⁸
563 1363 567 1368 .
598 1331 599 1334 ¹

193 1383 263 1442 XII.
296 1385 387 1449 Qutd
407 1390 431 1447 si
445 1389 741 1467 penitissperspieere
754 1409 850 1466 posses
870 1391 1053 1451 maceratam
1066 1390 1115 1448 Ε·

55 1501 59 1510 -
155 1463 306 1538 pariorum,
320 1477 420 1525 omnes
440 1470 538 1526 fratres
557 1480 653 1526 tecum
670 1469 814 1544 judicares
827 1468 920 1526 fuisse.
961 1470 1116 1542 An'potest

19 1560 22 1566 ·
107 1544 141 1599 15
155 1539 303 1615 quisquam
318 1544 456 1618 dubitare,
469 1547 547 1620 quin,
562 1547 587 1603 si
600 1545 783 1622 QvLigarius
797 1525 923 1602 in‘staiiti
932 1563 996 1600 esse
1010 1545 1116 1619 potuis·

155 1628 206 1688 set,
221 1619 250 1674 in
261 1620 363 1676 eisdem
377 1623 519 1678 sententib
531 1624 641 1678 firturus
654 1624 747 1700 fuerit,
762 1623 792 1677 in
803 1621 862 1693 qua*
870 1621 968 1676 fratres
979 1621 1113 1678 fuerunt?

153 1692 234 1753 Quis
243 1705 295 1764 est,
315 1697 367 1767 qui
379 1698 478 1763 hortun
498 1716 669 1754 eonsensum
683 1697 893 1770 conspirantem
914 1706 944 1750 et
956 1692 1031 1768 pene
1045 1716 1117 1758 eon-

154 1768 261 1842 flatum,
276 1771 306 1830 in
326 1773 380 1829 hee
397 1771 484 1848 propt}
506 1774 664 1849 equalitate
684 1773 817 1842 fraterni,
836 1790 893 1828 non
905 1770 1043 1829 novetur
1063 1774 1116 1846 qui

154 1846 209 1904 boe
229 1867 286 1908 non
308 1851 421 1922 sentiat,
441 1852 552 1926 quidvis
570 1849 649 1927 priris
668 1851 794 1908 futurum
814 1849 913 1920 nisse,
931 1845 1017 1922 quim
1036 1859 1069 1906 ut
1084 1851 1115 1907 bi

103 1929 140 1981 20
155 1921 252 1982 fratres
265 1927 388 1983 diversas
401 1931 556 1993 sententias
574 1929 754 2003 fortunasque
768 1927 973 2001 sequerentur?
1006 1925 1115 1984 Volun-

153 2008 211 2054 tate
232 2001 317 2072 igitur
337 2021 437 2058 omnes
459 2015 554 2060 tecum
579 2005 708 2061 fuerunt:
730 2013 896 2077 tempestate
917 2004 1047 2077 abreptus
1069 2014 1114 2060 est

153 2091 244 2142 unus;
264 2076 321 2148 qui,
335 2078 359 2132 si
379 2079 499 2136 consilio
521 2081 548 2136 id
570 2080 694 2152 fecissen
714 2091 789 2137 esset
802 2097 900 2136 eorum
921 2079 1031 2152 similis,
1044 2099 1114 2154 quos

153 2161 185 2205 tu
199 2160 294 2211 tannen
308 2153 398 2210 salvos
410 2174 473 2213 esse
487 2157 606 2214 voluisti.

194 2227 252 2286 Sed
272 2231 337 2288 ierit
357 2233 391 2288 ad
406 2233 530 2292 bellum:
551 2234 723 2306 discesserit,
744 2253 802 2292 nen
815 2253 833 2290 ι
845 2246 874 2291 te
895 2232 996 2304 solnm,
1014 2230 1113 2292 verbm

29 2315 36 2383 J
103 2309 139 2362 25
154 2304 239 2360 etiam
253 2307 431 2365 anseribus:
446 2312 476 2366 bi
490 2323 613 2371 teorant
626 2313 676 2368 tui.
711 2311 860 2384 Equidem,
874 2309 942 2368 erim
955 2311 1012 2368 tuis
1024 2311 1115 2368 omni-

155 2381 207 2434 bus
220 2383 342 2454 negotiis
355 2385 530 2456 interessem,
549 2387 686 2443 memorie
700 2398 795 2457 tenen,
813 2388 905 2459 qualis
918 2387 955 2441 Τ.
970 2386 1113 2462 Ligarius,

151 2459 426 2532 questormrbanirs,
448 2462 531 2520 fuerit
549 2482 619 2538 erga
638 2474 666 2519 te
686 2473 715 2519 et
735 2463 903 2537 dignitatem
924 2472 1009 2518 tuam.
1051 2463 1112 2522 Sed

19 2571 42 2594 .·
119 2587 122 2594 .
150 2552 250 2608 parum
265 2548 317 2608 est,
331 2541 377 2594 rn'e
391 2539 446 2596 hoe
460 2541 623 2619 meminisse
637 2560 643 2596 :
658 2559 739 2616 spero
752 2540 838 2598 etiarn
852 2550 889 2610 te,
906 2537 968 2614 (qui
981 2530 1111 2595 oblivisei

151 2612 221 2670 nihil
243 2614 326 2687 seles,
345 2617 401 2674 nisi
423 2617 550 2694 injurias,
570 2619 702 2694 quoniam
722 2611 777 2677 boe
794 2629 839 2675 est
858 2617 956 2687 animi,
976 2615 1120 2690 quoniam'

101 2695 137 2749 30
151 2691 236 2749 etiarn
257 2693 365 2770 ingenii
378 2696 433 2772 tui)
455 2708 492 2768 te,
508 2698 614 2772 aliquid
635 2697 670 2754 de
684 2697 769 2772 hujus
790 2696 839 2760 illo
850 2693 1000 2770 questoria
1012 2691 1114 2776 'officio

151 2770 332 2843 cogitantem,
353 2773 437 2826 etiam
459 2774 494 2827 de
505 2773 575 2838 ,aliis
594 2775 762 2844 quibusdam
782 2774 966 2845 quaestoribus
986 2769 1114 2828 reminis-

151 2856 274 2912 centem,
295 2846 446 2900 reeordari.
487 2847 546 2901 Hie
566 2848 651 2919 igitur
672 2847 710 2902 T.
725 2839 868 2919 Ligarius,
889 2849 937 2918 qui
958 2858 1018 2904 tum
1039 2845 1112 2904 nihil

151 2920 208 2992 egit
223 2918 299 2973 aliud
316 2921 510 2994 (nequeenim
531 2923 593 2977 haee
606 2921 763 2995 divinabat)
778 2921 833 2977 nisi
847 2931 879 2976 ut
889 2931 927 2976 tu·
942 2938 1008 2976 eum
1023 2922 1114 2978 studi·

150 3009 231 3051 osum
245 2996 286 3054 tui
307 2997 454 3076 etbonum
474 2999 564 3055 virum
576 2999 729 3074 judicares,
751 3015 860 3054 nunes
879 3005 907 3052 te
920 2994 1037 3069 supplex
1058 2995 1114 3054 fra·

36 3125 40 3129 .
101 3080 137 3134 35
151 3073 200 3130 tria
224 3075 342 3132 salutem
365 3075 442 3148 petit.
477 3076 590 3147 Quam,
616 3076 702 3152 bajus
729 3073 888 3132 admonitus
913 3072 1016 3142 officio,
1040 3069 1111 3130 erim

151 3153 276 3225 utrisque
298 3152 342 3205 his
363 3151 488 3226 dederis,¹
508 3165 564 3209 tres
587 3154 684 3209 fratres
708 3153 829 3228 optimos
851 3161 880 3206 et
903 3149 1112 3223 integerrimos,

151 3247 210 3283 non
230 3223 321 3283 solbm
341 3226 395 3282 sibi
410 3227 494 3301 ipsos,
514 3235 607 3302 neque
628 3231 672 3285 his
685 3239 730 3285 tot·
750 3247 784 3285 au
798 3227 900 3284 talibus
920 3226 995 3297 viris,
1016 3244 1112 3300 neque

152 3303 232 3359 nobis
246 3305 411 3362 necessariis
425 3305 493 3376 suis,
507 3306 656 3362 sedetiam
670 3305 843 3380 reipublieae,
856 3304 1067 3362 condonaveris.

191 3378 251 3436 Fae
272 3381 366 3456 igitur,
380 3383 453 3456 quod
474 3384 510 3440 de
525 3384 639 3440 homine
660 3383 835 3440 nobilissimo
847 3393 876 3439 et
895 3381 1051 3438 clarissimo
1065 3380 1109 3438 M.

102 3465 137 3518 40
152 3453 289 3515 Marcello
307 3455 397 3516 feeist'i
417 3479 507 3536 nuper
521 3461 551 3518 rb
565 3461 655 3532 euris,
675 3479 755 3518 nune
768 3461 844 3518 idem
858 3461 888 3517 in
909 3459 970 3516 soro
982 3459 1019 3516 de
1038 3457 1110 3532 opti·

152 3533 206 3590 inis
232 3545 261 3591 et
281 3535 349 3592 huie
372 3539 450 3594 omni
474 3539 638 3614 frequentiae
662 3538 864 3613 probatissimis
888 3535 1027 3594 fratribus.
1048 3533 1111 3604 vUt

148 3611 318 3668 'eonoessisti
339 3611 416 3668 illum
437 3617 557 3688 senatui,
572 3617 614 3672 sie
624 3617 665 3672 ‘da
684 3617 762 3672 hune
775 3613 888 3689 populo,
909 3612 993 3686 eujus
1013 3609 1112 3668 volun-

152 3699 238 3747 tatem
252 3687 424 3744 carissimam
445 3707 555 3765 semper
568 3693 707 3748 habuisti:
726 3703 766 3761 et,
780 3691 805 3748 si
819 3689 866 3746 ille
884 3688 947 3746 dies
959 3688 1011 3746 tibi
1024 3685 1113 3761 glori·

152 3767 307 3844 osissimus,
327 3763 430 3838 populo
450 3763 584 3826 Romano
604 3767 779 3841 gratissimus
799 3765 870 3834 firit3
890 3765 958 3835 noli,
978 3761 1110 3833 obsecro,
