2542 4212
358 316 485 366 onnam
501 317 547 366 rs.
564 316 602 365 ru
618 317 648 366 a.
666 316 876 366 crrrnmnn.
1105 323 1146 380 37

131 455 244 512 summa
265 456 410 513 severitate
429 469 563 514 versatur.
607 458 686 514 Alter
706 477 767 528 eos,
782 458 830 531 qui
850 477 903 516 nos
924 477 1033 531 omnes,
1047 459 1096 534 qui

132 533 267 607 populum
288 533 460 605 Romanurn,
476 535 536 590 vitai
551 535 660 612 privare
674 537 768 592 conati
783 545 858 605 sunt,
872 537 920 608 qui
935 537 1030 594 delere
1044 537 1096 594 im·

132 610 251 684 perium,
263 610 310 682 qui
320 613 415 684 populi
431 612 560 667 Romani
574 629 679 668 nomen
691 611 868 686 extinguere,
878 625 1016 687 punctum
1026 625 1096 670 tem·
1119 628 1123 636 ’

133 687 209 760 poris
226 687 279 742 frui
293 688 360 758 vitri,
376 700 405 744 et
419 690 476 743 boc
490 689 636 743 communi
652 689 762 762 spiritu,
776 707 835 744 non
849 683 929 762 puta't
942 702 1071 764 oportere
1085 708 1094 760 ς

133 774 214 836 atque
229 765 285 820 hoc
296 783 390 838 genus
404 782 497 838 poenae
509 781 584 837 saepe
598 765 628 820 in
643 765 786 838 improbos
800 765 876 820 cives
890 765 921 820 in
931 767 986 821 hac
996 767 1097 842 repub·
1126 765 1145 816 5

132 839 189 896 licei
207 860 271 896 esse
290 852 457 914 usurpatum
477 842 649 897 recordatur.
691 841 772 896 Alter
790 841 931 916 intelligit,
945 853 1098 900 mortemar

133 913 198 972 Diis
214 918 422 974 immortalibus
435 936 492 973 non
507 935 572 973 esse
591 917 720 991 supplicii
736 917 823 992 causti
836 919 1031 990 constitutam,
1045 919 1096 976 sed

135 1004 184 1048 aut
194 994 392 1049 necessitatem
404 1004 520 1064 naturas,
530 1004 579 1050 aut
592 994 719 1052 laborum
733 1013 767 1050 ac
781 995 958 1052 miseriarum
971 997 1096 1070 quietem

135 1089 205 1125 esse.
240 1068 339 1142 Itaque
351 1089 412 1125 earn
424 1071 565 1144 sapientes
575 1089 721 1144 nunquam
732 1071 821 1140 inviti,
833 1072 917 1127 sortes
927 1073 1012 1133 ettam
1021 1091 1095 1150 saepe

132 1146 262 1216 libenter,
273 1147 475 1221 oppetiverunt.
498 1187 506 1204 r
517 1148 640 1204 Vincula
654 1144 731 1217 verd,
740 1159 768 1203 et
781 1166 815 1202 aa
826 1147 1006 1222 sempiterna,
1017 1146 1094 1206 certd
1112 1155 1146 1210 to

133 1224 167 1279 ad
179 1224 351 1298 singularem
358 1243 469 1298 poenam
479 1224 580 1281 nefarii
589 1225 703 1280 sceleris
714 1226 828 1280 inventa
839 1236 913 1281 sunt.
941 1225 1096 1302 Municipi-

134 1301 158 1356 is
171 1301 313 1376 dispertiri
326 1301 412 1376 jubet.
445 1301 559 1358 Habere
571 1303 680 1358 videtur
691 1302 745 1358 ista
755 1321 800 1358 res
811 1302 998 1376 iniquitatem,
1009 1305 1033 1360 si
1044 1305 1094 1363 im·

72 1433 77 1444 ,
133 1397 230 1453 perere
244 1379 331 1446 velis;
346 1379 550 1449 difficultatem,
565 1380 588 1436 si
602 1398 708 1454 rogare.
760 1378 937 1436 Decernatur
951 1391 1056 1452 tamen,
1071 1399 1095 1438 st

71 1447 82 1468 ³
133 1456 233 1529 placet.
285 1455 348 1530 Ego
361 1457 437 1512 enim
452 1457 615 1529 suscipiam,
629 1466 667 1524 et,
681 1467 713 1512 ut
728 1475 819 1529 spero,
832 1457 980 1536 reperiam,
994 1457 1042 1530 qui
1057 1457 1095 1527 id,

135 1534 208 1605 quod
222 1532 319 1588 salutis
333 1533 460 1588 omnium
475 1531 563 1586 causa
584 1533 745 1601 statueritis,
760 1551 818 1588 non
834 1543 933 1604 putent
954 1551 1016 1592 esec
1037 1551 1096 1590 suan
1113 1537 1147 1590 1⁵

33 1641 38 1652 ·
135 1609 281 1682 dignitatis
294 1627 433 1664 recusare.

174 1685 433 1760 Adjungitgravem
445 1703 559 1760 poenarn
566 1685 767 1759 municipibus,
776 1685 800 1742 si
809 1687 871 1759 quis
879 1705 975 1746 eorum
984 1688 1097 1746 vincula

133 1764 255 1837 ruperit:
277 1763 424 1819 horribiles
438 1763 580 1840 custodias
595 1763 752 1818 circumdat
761 1773 818 1892 3¹2}
833 1765 920 1838 digna
931 1767 1038 1821 scelere
1049 1767 1097 1822 bo·

135 1840 245 1896 minum
258 1841 431 1911 perditorum
446 1839 555 1892 sancit:
576 1857 614 1892 ne
628 1839 691 1909 quis
704 1857 771 1892 eoru
815 1859 937 1911 paenam,
948 1859 1018 1912 quos
1031 1860 1098 1898 con·

135 1917 261 1985 demnat,
286 1925 335 1970 aut
355 1933 405 1988 per
420 1923 548 1970 senatum
573 1920 621 1968 aut
644 1933 694 1987 per
715 1914 858 1988 populum,
879 1915 971 1972 levare
994 1917 1096 1991 possit:
1112 1920 1147 1976 2⁰

133 1993 217 2066 eripit
238 1993 323 2048 etiarn
347 2011 435 2066 spem,
450 2009 511 2067 quae
533 1991 591 2048 sola
613 1991 755 2047 hominem
778 1991 807 2046 in
822 1993 942 2049 miseriis
958 1994 1096 2052 consolari

133 2071 209 2127 solet.
252 2069 332 2126 Bona
345 2080 479 2144 praeterea
493 2067 630 2143 publicari
642 2068 738 2143 jubet:
760 2069 845 2126 vitam
862 2070 949 2127 solam
963 2072 1097 2146 relinquit
1182 2099 1191 2106 -

133 2147 248 2204 nefariis
262 2147 440 2216 horninibus,
462 2165 546 2220 quarn
560 2146 585 2201 si
600 2146 758 2220 eripuisset,
770 2144 908 2223 [multos]
921 2167 980 2205 uno
991 2149 1095 2222 dolore,

133 2225 221 2282 animi
243 2235 323 2298 atque
346 2224 479 2298 corporis„
494 2235 522 2279 et
540 2241 639 2280 omnes
654 2223 792 2286 scelerum
814 2243 922 2297 poenas,
937 2226 1095 2284 ademisset.
1117 2251 1127 2266 ·

133 2303 234 2374 Itaque
248 2312 279 2357 ut
293 2302 385 2374 aliqua
400 2301 430 2356 in
445 2301 502 2356 vitai
517 2301 635 2357 formido
658 2300 792 2374 improbis
813 2312 887 2357 esset
907 2302 1006 2376 posita,
1021 2304 1096 2376 apud
1112 2304 1147 2358 25

133 2379 384 2453 inserosejusmodi
393 2379 520 2452 quaedam
529 2378 568 2434 illi
578 2379 685 2452 antiqui
695 2377 935 2452 suppliciaimpiis
944 2380 1096 2437 constituta

131 2477 197 2514 esse
211 2457 372 2524 voluerunt3
393 2453 469 2528 qudd
483 2455 616 2512 videlicet
630 2455 833 2530 intelligebant,
845 2457 890 2512 his
904 2458 1027 2527 remotis,
1039 2476 1109 2521 non,
1150 2525 1155 2531 Ι

124 2531 195 2590 'esse
209 2545 327 2602 mortem
341 2534 430 2607 ipsam
443 2533 708 2606 pertimescendam.
1101 2531 1108 2606 ζ
1145 2557 1148 2566 ·

121 2613 141 2674 f
173 2609 212 2664 V.
250 2609 348 2676 Nunc,
370 2609 467 2662 Patres
487 2609 659 2679 Conscripti,
673 2627 736 2680 ego,
757 2609 832 2677 med,
854 2611 945 2680 video,
966 2611 1033 2684 quid
1055 2613 1097 2670 in·

116 2687 221 2757 tersit.
271 2683 303 2739 Si
331 2682 410 2737 eritis
439 2683 529 2735 secuti
551 2682 719 2734 sententiam
740 2681 774 2736 C.
797 2684 933 2750 Caesaris;
965 2689 1097 2757 quoniam
1112 2699 1148 2754 30

111 2776 115 2814 :¹
132 2767 208 2822 hanc
223 2763 246 2818 is
262 2761 292 2816 in
306 2757 453 2834 republica
464 2757 547 2827 viam,
556 2775 618 2830 quae
629 2756 769 2831 popularis
784 2758 910 2830 habetur,
920 2773 1035 2819 secutus
1045 2774 1097 2835 est,

109 2835 112 2853 ⁸
133 2843 251 2900 fortasse
265 2835 360 2894 minus
371 2845 462 2906 erunt,
472 2835 525 2891 hoc
537 2844 649 2890 auctore
661 2845 689 2890 et
700 2835 844 2909 cognitore
856 2838 972 2914 hujusce
986 2852 1098 2898 senten·

130 2921 189 2988 tiae„
197 2917 264 2974 mihi
276 2916 424 2991 populares
436 2915 557 2987 impetus
567 2913 804 2987 pertimescendi:
824 2916 868 2971 sin
878 2916 953 2974 illam
964 2919 1095 2988 alteram;

130 2997 238 3066 nescio,
260 3015 297 3050 an
319 2993 439 3066 amplius
462 2987 532 3048 mibi
556 2991 663 3063 negotii
688 2993 879 3047 contrahatur.
921 2995 978 3050 Sed
1001 3008 1096 3052 tamen

130 3091 260 3130 meorum
270 3071 458 3146 periculorum
471 3068 592 3142 rationes
603 3067 709 3137 utilitas
720 3067 884 3140 reipublicae
896 3069 997 3126 vincat.
1040 3073 1097 3129 lla·
1110 3090 1146 3144 35

131 3151 231 3208 bemus
247 3150 323 3206 enirn
338 3168 354 3204 a
368 3146 402 3205 Ο.
420 3145 533 3200 Caesare
556 3141 645 3224 (sicut
666 3143 755 3216 ipsius
769 3144 902 3218 dignitas,
918 3157 946 3203 et
960 3147 1097 3222 majorum

132 3229 195 3298 ejus
206 3227 368 3300 amplitudo,
379 3219 551 3298 postulabat)
565 3221 744 3290 sententiam,
753 3231 885 3295 tanquam
895 3223 1022 3282 obsidem
1036 3244 1097 3300 per·
1117 3277 1141 3296 ‹-

114 3293 118 3300 ’
132 3311 227 3375 petuae
242 3304 272 3355 in
284 3301 489 3375 rempublicam
503 3298 659 3370 voluntatis.
717 3297 895 3356 Intellectum
909 3312 960 3371 est,
974 3303 1041 3376 quid
1056 3304 1097 3360 in·

133 3375 216 3436 tersit
229 3375 300 3430 inter
313 3377 455 3430 levitatem
468 3375 708 3444 concionatorum,
722 3385 751 3430 et
765 3375 892 3430 animum
906 3375 970 3433 verd
985 3378 1098 3454 popula·

131 3473 206 3522 rem,
221 3451 303 3507 saluti
317 3450 413 3524 populi
429 3452 631 3507 consulentem.
1111 3471 1146 3523 40

102 3517 136 3586 nl
174 3529 277 3598 Video,
292 3529 326 3584 de
343 3525 405 3584 istis
427 3523 474 3598 qui
490 3544 519 3579 se
532 3527 681 3598 populares
695 3525 793 3581 baberi
807 3527 911 3602 volunt,
926 3532 1025 3588 abesse
1038 3552 1096 3589 non

131 3608 290 3677 neminem,
304 3625 341 3662 ne
355 3605 392 3660 de
406 3601 499 3676 capite
513 3601 644 3656 videlicet
658 3602 762 3658 civium
778 3602 971 3664 Romanorum
985 3601 1112 3664 senten?

131 3687 202 3744 tiam
218 3685 296 3741 serat.
338 3681 368 3740 Is
382 3691 411 3737 et
425 3677 629 3736 nudiustertius
643 3678 673 3734 in
688 3681 843 3738 custodiam
858 3685 935 3740 cives
949 3685 1098 3739 Romanos

131 3763 222 3836 dedit,
236 3773 266 3820 et
289 3758 525 3836 supplicationem
550 3755 619 3814 mihi
644 3757 778 3830 decrevit,
792 3769 821 3816 et
842 3760 953 3815 indices
967 3759 1099 3811 hesterno

407 3834 427 3892 4
524 3916 529 3924 ,
