<?xml version="1.0" encoding="UTF-8"?>
<!DOCTYPE html PUBLIC "-//W3C//DTD XHTML 1.0 Transitional//EN"
    "http://www.w3.org/TR/xhtml1/DTD/xhtml1-transitional.dtd">
<html xmlns="http://www.w3.org/1999/xhtml" xml:lang="en" lang="en">
 <head>
  <title>
</title>
<meta http-equiv="Content-Type" content="text/html;charset=utf-8" />
  <meta name='ocr-system' content='tesseract 3.04.00' />
  <meta name='ocr-capabilities' content='ocr_page ocr_carea ocr_par ocr_line ocrx_word'/>
</head>
<body>
  <div class='ocr_page' id='page_1' title='image "./orationesqudams00cicegoog/orationesqudams00cicegoog_0026.png"; bbox 0 0 2542 4212; ppageno 0'>
   <div class='ocr_carea' id='block_1_1' title="bbox 146 279 919 388">
    <p class='ocr_par' dir='ltr' id='par_1_1' title="bbox 146 279 919 388">
     <span class='ocr_line' id='line_1_1' title="bbox 146 279 919 388; baseline -0.013 -20"><span class='ocrx_word' id='word_1_1' title='bbox 146 305 185 368; x_wconf 71' lang='lat'><strong>22</strong></span> <span class='ocrx_word' id='word_1_2' title='bbox 204 292 208 300; x_wconf 83' lang='lat'>&#39;</span> <span class='ocrx_word' id='word_1_3' title='bbox 323 377 330 388; x_wconf 22' lang='grc' dir='ltr'>ι</span> <span class='ocrx_word' id='word_1_4' title='bbox 412 309 538 359; x_wconf 82' lang='lat' dir='ltr'><strong>onarro</strong></span> <span class='ocrx_word' id='word_1_5' title='bbox 554 309 590 356; x_wconf 91' lang='lat' dir='ltr'><strong>rr.</strong></span> <span class='ocrx_word' id='word_1_6' title='bbox 608 309 648 358; x_wconf 76' lang='lat' dir='ltr'><strong>rs</strong></span> <span class='ocrx_word' id='word_1_7' title='bbox 668 279 697 356; x_wconf 77' lang='lat' dir='ltr'><strong>n.</strong></span> <span class='ocrx_word' id='word_1_8' title='bbox 713 309 919 360; x_wconf 72' lang='lat' dir='ltr'><strong>carrarum.</strong></span> 
     </span>
    </p>
   </div>
   <div class='ocr_carea' id='block_1_2' title="bbox 68 445 1222 3783">
    <p class='ocr_par' dir='ltr' id='par_1_2' title="bbox 68 445 1222 3783">
     <span class='ocr_line' id='line_1_2' title="bbox 195 445 1152 526; baseline 0.004 -22"><span class='ocrx_word' id='word_1_9' title='bbox 195 445 311 509; x_wconf 73' lang='lat' dir='ltr'><strong>minimis</strong></span> <span class='ocrx_word' id='word_1_10' title='bbox 325 455 393 522; x_wconf 86' lang='lat' dir='ltr'><strong>puto</strong></span> <span class='ocrx_word' id='word_1_11' title='bbox 411 445 747 526; x_wconf 85' lang='lat' dir='ltr'><strong>pertimescendos,un</strong></span> <span class='ocrx_word' id='word_1_12' title='bbox 768 459 816 505; x_wconf 78' lang='lat' dir='ltr'><strong>aut</strong></span> <span class='ocrx_word' id='word_1_13' title='bbox 835 448 939 510; x_wconf 85' lang='lat' dir='ltr'><strong>deduci</strong></span> <span class='ocrx_word' id='word_1_14' title='bbox 960 447 996 506; x_wconf 83' lang='lat' dir='ltr'><strong>de</strong></span> <span class='ocrx_word' id='word_1_15' title='bbox 1010 449 1152 510; x_wconf 64' lang='lat' dir='ltr'><strong>urenda</strong></span> 
     </span>
     <span class='ocr_line' id='line_1_3' title="bbox 194 523 1153 598; baseline 0.006 -20"><span class='ocrx_word' id='word_1_16' title='bbox 194 534 311 596; x_wconf 80' lang='lat' dir='ltr'><strong>possunt</strong></span> <span class='ocrx_word' id='word_1_17' title='bbox 319 543 326 591; x_wconf 92' lang='lat'>;</span> <span class='ocrx_word' id='word_1_18' title='bbox 348 535 405 595; x_wconf 87' lang='lat' dir='ltr'><strong>aut,</strong></span> <span class='ocrx_word' id='word_1_19' title='bbox 419 523 445 586; x_wconf 87' lang='lat' dir='ltr'><strong>si</strong></span> <span class='ocrx_word' id='word_1_20' title='bbox 464 525 678 598; x_wconf 88' lang='lat' dir='ltr'><strong>permanebunt,</strong></span> <span class='ocrx_word' id='word_1_21' title='bbox 691 526 782 598; x_wconf 83' lang='lat' dir='ltr'><strong>magis</strong></span> <span class='ocrx_word' id='word_1_22' title='bbox 795 525 864 581; x_wconf 90' lang='lat' dir='ltr'><strong>mihi</strong></span> <span class='ocrx_word' id='word_1_23' title='bbox 880 524 1009 582; x_wconf 88' lang='lat' dir='ltr'><strong>videntur</strong></span> <span class='ocrx_word' id='word_1_24' title='bbox 1023 537 1085 582; x_wconf 86' lang='lat' dir='ltr'><strong>vota</strong></span> <span class='ocrx_word' id='word_1_25' title='bbox 1097 529 1153 587; x_wconf 73' lang='lat' dir='ltr'><strong>fac</strong></span> 
     </span>
     <span class='ocr_line' id='line_1_4' title="bbox 194 599 883 674; baseline 0.004 -21"><span class='ocrx_word' id='word_1_26' title='bbox 194 599 249 654; x_wconf 86' lang='lat' dir='ltr'><strong>turi</strong></span> <span class='ocrx_word' id='word_1_27' title='bbox 257 611 364 656; x_wconf 79' lang='lat' dir='ltr'><strong>-ccntra</strong></span> <span class='ocrx_word' id='word_1_28' title='bbox 375 601 587 674; x_wconf 77' lang='lat' dir='ltr'>rempublicam,</span> <span class='ocrx_word' id='word_1_29' title='bbox 599 599 684 673; x_wconf 78' lang='lat' dir='ltr'><strong>qudrn</strong></span> <span class='ocrx_word' id='word_1_30' title='bbox 699 619 778 658; x_wconf 86' lang='lat' dir='ltr'><strong>arma</strong></span> <span class='ocrx_word' id='word_1_31' title='bbox 791 601 883 658; x_wconf 89' lang='lat' dir='ltr'><strong>laturi.</strong></span> 
     </span>
     <span class='ocr_line' id='line_1_5' title="bbox 233 673 1151 752; baseline 0.008 -23"><span class='ocrx_word' id='word_1_32' title='bbox 233 673 289 730; x_wconf 89' lang='lat' dir='ltr'><strong>IX.</strong></span> <span class='ocrx_word' id='word_1_33' title='bbox 329 675 457 732; x_wconf 85' lang='lat' dir='ltr'><strong>Alterum</strong></span> <span class='ocrx_word' id='word_1_34' title='bbox 470 695 561 751; x_wconf 85' lang='lat' dir='ltr'><strong>genus</strong></span> <span class='ocrx_word' id='word_1_35' title='bbox 571 687 614 733; x_wconf 83' lang='lat' dir='ltr'><strong>est</strong></span> <span class='ocrx_word' id='word_1_36' title='bbox 627 695 734 748; x_wconf 89' lang='lat' dir='ltr'><strong>eorum,</strong></span> <span class='ocrx_word' id='word_1_37' title='bbox 745 679 803 752; x_wconf 88' lang='lat' dir='ltr'><strong>qui,</strong></span> <span class='ocrx_word' id='word_1_38' title='bbox 814 695 973 751; x_wconf 81' lang='lat' dir='ltr'><strong>quanquam</strong></span> <span class='ocrx_word' id='word_1_39' title='bbox 987 691 1151 752; x_wconf 86' lang='lat' dir='ltr'><strong>premuntur</strong></span> 
     </span>
     <span class='ocr_line' id='line_1_6' title="bbox 160 751 1151 829; baseline 0.004 -20"><span class='ocrx_word' id='word_1_40' title='bbox 160 757 250 809; x_wconf 75' lang='lat' dir='ltr'><strong>bere</strong></span> <span class='ocrx_word' id='word_1_41' title='bbox 271 751 373 821; x_wconf 85' lang='lat' dir='ltr'><strong>alieno,</strong></span> <span class='ocrx_word' id='word_1_42' title='bbox 392 753 612 810; x_wconf 76' lang='lat' dir='ltr'><strong>dominationem</strong></span> <span class='ocrx_word' id='word_1_43' title='bbox 632 765 727 812; x_wconf 83' lang='lat' dir='ltr'><strong>tamen</strong></span> <span class='ocrx_word' id='word_1_44' title='bbox 748 765 927 828; x_wconf 83' lang='lat' dir='ltr'><strong>exspectaut3</strong></span> <span class='ocrx_word' id='word_1_45' title='bbox 948 773 1043 811; x_wconf 86' lang='lat' dir='ltr'><strong>rerum</strong></span> <span class='ocrx_word' id='word_1_46' title='bbox 1071 757 1151 829; x_wconf 87' lang='lat' dir='ltr'><strong>potiri</strong></span> 
     </span>
     <span class='ocr_line' id='line_1_7' title="bbox 194 825 1151 904; baseline 0.007 -23"><span class='ocrx_word' id='word_1_47' title='bbox 194 825 306 894; x_wconf 85' lang='lat' dir='ltr'><strong>volunt;</strong></span> <span class='ocrx_word' id='word_1_48' title='bbox 328 829 457 896; x_wconf 87' lang='lat' dir='ltr'><strong>honores,</strong></span> <span class='ocrx_word' id='word_1_49' title='bbox 471 847 542 900; x_wconf 89' lang='lat' dir='ltr'><strong>quos</strong></span> <span class='ocrx_word' id='word_1_50' title='bbox 555 829 649 901; x_wconf 68' lang='lat' dir='ltr'><strong>quieti</strong></span> <span class='ocrx_word' id='word_1_51' title='bbox 662 831 808 902; x_wconf 70' lang='lat' dir='ltr'><strong>republica</strong></span> <span class='ocrx_word' id='word_1_52' title='bbox 822 831 981 904; x_wconf 88' lang='lat' dir='ltr'><strong>desperant,</strong></span> <span class='ocrx_word' id='word_1_53' title='bbox 992 833 1151 904; x_wconf 76' lang='lat' dir='ltr'><strong>perturbata</strong></span> 
     </span>
     <span class='ocr_line' id='line_1_8' title="bbox 194 903 1151 980; baseline 0.005 -22"><span class='ocrx_word' id='word_1_54' title='bbox 194 903 329 973; x_wconf 75' lang='lat' dir='ltr'>consequi</span> <span class='ocrx_word' id='word_1_55' title='bbox 349 920 380 956; x_wconf 91' lang='lat' dir='ltr'><strong>se</strong></span> <span class='ocrx_word' id='word_1_56' title='bbox 400 921 481 974; x_wconf 86' lang='lat' dir='ltr'><strong>posse</strong></span> <span class='ocrx_word' id='word_1_57' title='bbox 502 905 679 960; x_wconf 80' lang='lat' dir='ltr'><strong>arbitrantur.</strong></span> <span class='ocrx_word' id='word_1_58' title='bbox 719 905 837 964; x_wconf 79' lang='lat' dir='ltr'><strong>Quibus</strong></span> <span class='ocrx_word' id='word_1_59' title='bbox 851 908 907 962; x_wconf 89' lang='lat' dir='ltr'><strong>hoc</strong></span> <span class='ocrx_word' id='word_1_60' title='bbox 930 904 1151 980; x_wconf 80' lang='lat' dir='ltr'><strong>praecipiendum</strong></span> 
     </span>
     <span class='ocr_line' id='line_1_9' title="bbox 124 976 1153 1052; baseline 0.01 -23"><span class='ocrx_word' id='word_1_61' title='bbox 124 981 131 1013; x_wconf 74' lang='lat'>³</span> <span class='ocrx_word' id='word_1_62' title='bbox 194 976 313 1046; x_wconf 87' lang='lat' dir='ltr'><strong>ridetur,</strong></span> <span class='ocrx_word' id='word_1_63' title='bbox 335 995 425 1032; x_wconf 85' lang='lat' dir='ltr'><strong>unum</strong></span> <span class='ocrx_word' id='word_1_64' title='bbox 445 977 556 1034; x_wconf 87' lang='lat' dir='ltr'><strong>scilicet</strong></span> <span class='ocrx_word' id='word_1_65' title='bbox 574 989 603 1034; x_wconf 86' lang='lat' dir='ltr'><strong>et</strong></span> <span class='ocrx_word' id='word_1_66' title='bbox 623 979 709 1048; x_wconf 92' lang='lat' dir='ltr'><strong>idem,</strong></span> <span class='ocrx_word' id='word_1_67' title='bbox 729 981 802 1051; x_wconf 91' lang='lat' dir='ltr'><strong>quod</strong></span> <span class='ocrx_word' id='word_1_68' title='bbox 824 983 935 1036; x_wconf 75' lang='lat' dir='ltr'><strong>ceteris</strong></span> <span class='ocrx_word' id='word_1_69' title='bbox 960 983 1100 1052; x_wconf 89' lang='lat' dir='ltr'><strong>omnibus,</strong></span> <span class='ocrx_word' id='word_1_70' title='bbox 1121 994 1153 1040; x_wconf 91' lang='lat' dir='ltr'><strong>ut</strong></span> 
     </span>
     <span class='ocr_line' id='line_1_10' title="bbox 193 1051 1152 1130; baseline 0.01 -24"><span class='ocrx_word' id='word_1_71' title='bbox 193 1051 353 1124; x_wconf 82' lang='lat' dir='ltr'><strong>desperent,</strong></span> <span class='ocrx_word' id='word_1_72' title='bbox 374 1071 404 1108; x_wconf 89' lang='lat' dir='ltr'><strong>se</strong></span> <span class='ocrx_word' id='word_1_73' title='bbox 426 1054 464 1122; x_wconf 93' lang='lat' dir='ltr'><strong>id,</strong></span> <span class='ocrx_word' id='word_1_74' title='bbox 485 1055 560 1125; x_wconf 92' lang='lat' dir='ltr'><strong>quod</strong></span> <span class='ocrx_word' id='word_1_75' title='bbox 580 1066 727 1124; x_wconf 85' lang='lat' dir='ltr'><strong>conantur,</strong></span> <span class='ocrx_word' id='word_1_76' title='bbox 748 1057 882 1128; x_wconf 79' lang='lat' dir='ltr'><strong>consequi</strong></span> <span class='ocrx_word' id='word_1_77' title='bbox 911 1076 1009 1130; x_wconf 85' lang='lat' dir='ltr'><strong>posse:</strong></span> <span class='ocrx_word' id='word_1_78' title='bbox 1029 1057 1152 1130; x_wconf 80' lang='lat' dir='ltr'><strong>primilm</strong></span> 
     </span>
     <span class='ocr_line' id='line_1_11' title="bbox 145 1129 1152 1206; baseline 0.004 -20"><span class='ocrx_word' id='word_1_79' title='bbox 145 1129 396 1198; x_wconf 67' lang='lat' dir='ltr'><strong>somniumne</strong></span> <span class='ocrx_word' id='word_1_80' title='bbox 417 1130 509 1202; x_wconf 90' lang='lat' dir='ltr'><strong>ipsum</strong></span> <span class='ocrx_word' id='word_1_81' title='bbox 529 1129 654 1204; x_wconf 84' lang='lat' dir='ltr'><strong>vigilare,</strong></span> <span class='ocrx_word' id='word_1_82' title='bbox 676 1133 785 1201; x_wconf 80' lang='lat' dir='ltr'><strong>adesse,</strong></span> <span class='ocrx_word' id='word_1_83' title='bbox 806 1133 953 1204; x_wconf 86' lang='lat' dir='ltr'><strong>providere</strong></span> <span class='ocrx_word' id='word_1_84' title='bbox 973 1135 1152 1206; x_wconf 84' lang='lat' dir='ltr'><strong>reipublicae:</strong></span> 
     </span>
     <span class='ocr_line' id='line_1_12' title="bbox 193 1203 1153 1281; baseline 0.008 -23"><span class='ocrx_word' id='word_1_85' title='bbox 193 1203 307 1272; x_wconf 88' lang='lat' dir='ltr'><strong>deinde,</strong></span> <span class='ocrx_word' id='word_1_86' title='bbox 322 1223 439 1276; x_wconf 85' lang='lat' dir='ltr'><strong>magnos</strong></span> <span class='ocrx_word' id='word_1_87' title='bbox 452 1206 562 1260; x_wconf 72' lang='lat' dir='ltr'><strong>annuos</strong></span> <span class='ocrx_word' id='word_1_88' title='bbox 575 1225 637 1261; x_wconf 88' lang='lat' dir='ltr'><strong>esse</strong></span> <span class='ocrx_word' id='word_1_89' title='bbox 651 1207 680 1260; x_wconf 90' lang='lat' dir='ltr'><strong>in</strong></span> <span class='ocrx_word' id='word_1_90' title='bbox 695 1207 776 1262; x_wconf 89' lang='lat' dir='ltr'><strong>bonis</strong></span> <span class='ocrx_word' id='word_1_91' title='bbox 796 1208 871 1275; x_wconf 83' lang='lat' dir='ltr'><strong>viris,</strong></span> <span class='ocrx_word' id='word_1_92' title='bbox 886 1226 1016 1281; x_wconf 81' lang='lat' dir='ltr'><strong>maguam</strong></span> <span class='ocrx_word' id='word_1_93' title='bbox 1035 1228 1153 1266; x_wconf 86' lang='lat' dir='ltr'><strong>concor-</strong></span> 
     </span>
     <span class='ocr_line' id='line_1_13' title="bbox 193 1277 1153 1358; baseline 0.01 -26"><span class='ocrx_word' id='word_1_94' title='bbox 193 1277 278 1347; x_wconf 88' lang='lat' dir='ltr'><strong>diam,</strong></span> <span class='ocrx_word' id='word_1_95' title='bbox 293 1279 443 1336; x_wconf 79' lang='lat' dir='ltr'><strong>maximam</strong></span> <span class='ocrx_word' id='word_1_96' title='bbox 457 1281 676 1348; x_wconf 84' lang='lat' dir='ltr'><strong>multitudinem,</strong></span> <span class='ocrx_word' id='word_1_97' title='bbox 691 1299 808 1354; x_wconf 83' lang='lat' dir='ltr'><strong>magnas</strong></span> <span class='ocrx_word' id='word_1_98' title='bbox 822 1295 958 1355; x_wconf 76' lang='lat' dir='ltr'><strong>praeterea</strong></span> <span class='ocrx_word' id='word_1_99' title='bbox 975 1286 1072 1358; x_wconf 90' lang='lat' dir='ltr'><strong>copias</strong></span> <span class='ocrx_word' id='word_1_100' title='bbox 1091 1286 1153 1342; x_wconf 91' lang='lat' dir='ltr'><strong>mil-</strong></span> 
     </span>
     <span class='ocr_line' id='line_1_14' title="bbox 193 1352 1153 1432; baseline 0.01 -24"><span class='ocrx_word' id='word_1_101' title='bbox 193 1352 279 1421; x_wconf 90' lang='lat' dir='ltr'><strong>itum;</strong></span> <span class='ocrx_word' id='word_1_102' title='bbox 300 1354 378 1412; x_wconf 89' lang='lat' dir='ltr'><strong>Deos</strong></span> <span class='ocrx_word' id='word_1_103' title='bbox 392 1352 513 1428; x_wconf 83' lang='lat' dir='ltr'><strong>denique</strong></span> <span class='ocrx_word' id='word_1_104' title='bbox 527 1356 697 1412; x_wconf 83' lang='lat' dir='ltr'><strong>immortales</strong></span> <span class='ocrx_word' id='word_1_105' title='bbox 711 1357 779 1412; x_wconf 88' lang='lat' dir='ltr'><strong>huic</strong></span> <span class='ocrx_word' id='word_1_106' title='bbox 790 1357 897 1414; x_wconf 86' lang='lat' dir='ltr'><strong>invicto</strong></span> <span class='ocrx_word' id='word_1_107' title='bbox 906 1360 1020 1432; x_wconf 90' lang='lat' dir='ltr'><strong>populo,</strong></span> <span class='ocrx_word' id='word_1_108' title='bbox 1032 1361 1153 1418; x_wconf 86' lang='lat' dir='ltr'><strong>clarissi-</strong></span> 
     </span>
     <span class='ocr_line' id='line_1_15' title="bbox 192 1429 1153 1507; baseline 0.011 -25"><span class='ocrx_word' id='word_1_109' title='bbox 192 1445 238 1484; x_wconf 86' lang='lat' dir='ltr'><strong>mo</strong></span> <span class='ocrx_word' id='word_1_110' title='bbox 260 1429 388 1504; x_wconf 91' lang='lat' dir='ltr'><strong>imperio,</strong></span> <span class='ocrx_word' id='word_1_111' title='bbox 408 1431 603 1504; x_wconf 75' lang='lat' dir='ltr'><strong>pulcherrima</strong></span> <span class='ocrx_word' id='word_1_112' title='bbox 624 1432 697 1502; x_wconf 86' lang='lat' dir='ltr'><strong>urbi,</strong></span> <span class='ocrx_word' id='word_1_113' title='bbox 719 1444 816 1488; x_wconf 84' lang='lat' dir='ltr'><strong>contra</strong></span> <span class='ocrx_word' id='word_1_114' title='bbox 836 1443 943 1494; x_wconf 85' lang='lat' dir='ltr'><strong>tantam</strong></span> <span class='ocrx_word' id='word_1_115' title='bbox 958 1437 1013 1490; x_wconf 92' lang='lat' dir='ltr'><strong>vim</strong></span> <span class='ocrx_word' id='word_1_116' title='bbox 1028 1437 1153 1507; x_wconf 86' lang='lat' dir='ltr'><strong>sceleris,</strong></span> 
     </span>
     <span class='ocr_line' id='line_1_16' title="bbox 144 1505 1153 1584; baseline 0.004 -20"><span class='ocrx_word' id='word_1_117' title='bbox 144 1507 344 1578; x_wconf 70' lang='lat' dir='ltr'><strong>l5lpraesentes</strong></span> <span class='ocrx_word' id='word_1_118' title='bbox 358 1507 494 1564; x_wconf 84' lang='lat' dir='ltr'><strong>auxilium</strong></span> <span class='ocrx_word' id='word_1_119' title='bbox 507 1527 569 1564; x_wconf 86' lang='lat' dir='ltr'><strong>esse</strong></span> <span class='ocrx_word' id='word_1_120' title='bbox 583 1508 694 1566; x_wconf 82' lang='lat' dir='ltr'><strong>laturos.</strong></span> <span class='ocrx_word' id='word_1_121' title='bbox 734 1505 823 1568; x_wconf 71' lang='lat' dir='ltr'><strong>Quod</strong></span> <span class='ocrx_word' id='word_1_122' title='bbox 837 1509 861 1564; x_wconf 92' lang='lat' dir='ltr'><strong>si</strong></span> <span class='ocrx_word' id='word_1_123' title='bbox 878 1510 937 1583; x_wconf 80' lang='lat' dir='ltr'><strong>jum</strong></span> <span class='ocrx_word' id='word_1_124' title='bbox 952 1511 1009 1566; x_wconf 89' lang='lat' dir='ltr'><strong>sint</strong></span> <span class='ocrx_word' id='word_1_125' title='bbox 1016 1512 1061 1580; x_wconf 84' lang='lat' dir='ltr'><strong>id,</strong></span> <span class='ocrx_word' id='word_1_126' title='bbox 1075 1513 1153 1584; x_wconf 88' lang='lat' dir='ltr'><strong>quod</strong></span> 
     </span>
     <span class='ocr_line' id='line_1_17' title="bbox 192 1585 1153 1658; baseline 0.007 -22"><span class='ocrx_word' id='word_1_127' title='bbox 192 1598 258 1637; x_wconf 90' lang='lat' dir='ltr'><strong>cum</strong></span> <span class='ocrx_word' id='word_1_128' title='bbox 272 1601 383 1640; x_wconf 84' lang='lat' dir='ltr'><strong>summo</strong></span> <span class='ocrx_word' id='word_1_129' title='bbox 397 1585 488 1640; x_wconf 85' lang='lat' dir='ltr'><strong>lurore</strong></span> <span class='ocrx_word' id='word_1_130' title='bbox 499 1585 628 1658; x_wconf 82' lang='lat' dir='ltr'><strong>cupiunt,</strong></span> <span class='ocrx_word' id='word_1_131' title='bbox 640 1585 750 1658; x_wconf 81' lang='lat' dir='ltr'><strong>adepti3</strong></span> <span class='ocrx_word' id='word_1_132' title='bbox 771 1605 841 1641; x_wconf 88' lang='lat' dir='ltr'><strong>num</strong></span> <span class='ocrx_word' id='word_1_133' title='bbox 855 1587 905 1655; x_wconf 89' lang='lat' dir='ltr'><strong>illi,</strong></span> <span class='ocrx_word' id='word_1_134' title='bbox 917 1587 947 1645; x_wconf 87' lang='lat' dir='ltr'><strong>in</strong></span> <span class='ocrx_word' id='word_1_135' title='bbox 958 1587 1055 1644; x_wconf 88' lang='lat' dir='ltr'><strong>cinere</strong></span> <span class='ocrx_word' id='word_1_136' title='bbox 1065 1589 1153 1658; x_wconf 87' lang='lat' dir='ltr'><strong>urbis,</strong></span> 
     </span>
     <span class='ocr_line' id='line_1_18' title="bbox 191 1660 1154 1731; baseline 0.01 -21"><span class='ocrx_word' id='word_1_137' title='bbox 191 1666 221 1711; x_wconf 83' lang='lat' dir='ltr'><strong>et</strong></span> <span class='ocrx_word' id='word_1_138' title='bbox 233 1660 371 1730; x_wconf 83' lang='lat' dir='ltr'><strong>sanguine</strong></span> <span class='ocrx_word' id='word_1_139' title='bbox 385 1661 489 1712; x_wconf 87' lang='lat' dir='ltr'><strong>civium</strong></span> <span class='ocrx_word' id='word_1_140' title='bbox 506 1660 582 1731; x_wconf 78' lang='lat' dir='ltr'><strong>(quos</strong></span> <span class='ocrx_word' id='word_1_141' title='bbox 604 1673 698 1714; x_wconf 85' lang='lat' dir='ltr'><strong>mente</strong></span> <span class='ocrx_word' id='word_1_142' title='bbox 712 1661 903 1716; x_wconf 69' lang='lat' dir='ltr'><strong>conscelerata</strong></span> <span class='ocrx_word' id='word_1_143' title='bbox 918 1681 952 1716; x_wconf 92' lang='lat' dir='ltr'><strong>ac</strong></span> <span class='ocrx_word' id='word_1_144' title='bbox 966 1664 1075 1718; x_wconf 72' lang='lat' dir='ltr'><strong>nefaria</strong></span> <span class='ocrx_word' id='word_1_145' title='bbox 1087 1682 1154 1722; x_wconf 78' lang='lat' dir='ltr'><strong>con·</strong></span> 
     </span>
     <span class='ocr_line' id='line_1_19' title="bbox 192 1731 1222 1809; baseline 0.012 -25"><span class='ocrx_word' id='word_1_146' title='bbox 192 1731 367 1805; x_wconf 86' lang='lat' dir='ltr'><strong>cupierunt),</strong></span> <span class='ocrx_word' id='word_1_147' title='bbox 378 1750 408 1788; x_wconf 88' lang='lat' dir='ltr'><strong>se</strong></span> <span class='ocrx_word' id='word_1_148' title='bbox 420 1733 550 1800; x_wconf 82' lang='lat' dir='ltr'><strong>consules</strong></span> <span class='ocrx_word' id='word_1_149' title='bbox 561 1751 595 1788; x_wconf 85' lang='lat' dir='ltr'><strong>ac</strong></span> <span class='ocrx_word' id='word_1_150' title='bbox 605 1733 766 1802; x_wconf 73' lang='lat' dir='ltr'><strong>dictatores,</strong></span> <span class='ocrx_word' id='word_1_151' title='bbox 777 1745 825 1788; x_wconf 85' lang='lat' dir='ltr'><strong>aut</strong></span> <span class='ocrx_word' id='word_1_152' title='bbox 836 1735 921 1790; x_wconf 82' lang='lat' dir='ltr'><strong>etiam</strong></span> <span class='ocrx_word' id='word_1_153' title='bbox 935 1753 1027 1808; x_wconf 85' lang='lat' dir='ltr'><strong>reges,</strong></span> <span class='ocrx_word' id='word_1_154' title='bbox 1038 1749 1153 1809; x_wconf 87' lang='lat' dir='ltr'><strong>sperant</strong></span> <span class='ocrx_word' id='word_1_155' title='bbox 1216 1743 1222 1754; x_wconf 74' lang='lat'>⁸</span> 
     </span>
     <span class='ocr_line' id='line_1_20' title="bbox 192 1805 1153 1884; baseline 0.01 -25"><span class='ocrx_word' id='word_1_156' title='bbox 192 1805 316 1863; x_wconf 82' lang='lat' dir='ltr'><strong>firturosl</strong></span> <span class='ocrx_word' id='word_1_157' title='bbox 338 1807 405 1864; x_wconf 91' lang='lat' dir='ltr'><strong>Non</strong></span> <span class='ocrx_word' id='word_1_158' title='bbox 426 1808 523 1864; x_wconf 84' lang='lat' dir='ltr'><strong>vident</strong></span> <span class='ocrx_word' id='word_1_159' title='bbox 544 1809 573 1864; x_wconf 93' lang='lat' dir='ltr'><strong>id</strong></span> <span class='ocrx_word' id='word_1_160' title='bbox 594 1827 624 1865; x_wconf 89' lang='lat' dir='ltr'><strong>se</strong></span> <span class='ocrx_word' id='word_1_161' title='bbox 645 1826 760 1882; x_wconf 90' lang='lat' dir='ltr'><strong>cupere,</strong></span> <span class='ocrx_word' id='word_1_162' title='bbox 781 1809 901 1882; x_wconf 87' lang='lat' dir='ltr'><strong>quodsi</strong></span> <span class='ocrx_word' id='word_1_163' title='bbox 923 1811 1017 1884; x_wconf 89' lang='lat' dir='ltr'><strong>adepti</strong></span> <span class='ocrx_word' id='word_1_164' title='bbox 1038 1812 1153 1884; x_wconf 85' lang='lat' dir='ltr'><strong>suerint,</strong></span> 
     </span>
     <span class='ocr_line' id='line_1_21' title="bbox 142 1883 966 1960; baseline 0.002 -20"><span class='ocrx_word' id='word_1_165' title='bbox 142 1883 178 1940; x_wconf 63' lang='lat' dir='ltr'><strong><em>w</em></strong></span> <span class='ocrx_word' id='word_1_166' title='bbox 242 1883 309 1940; x_wconf 85' lang='lat' dir='ltr'><strong>itirc</strong></span> <span class='ocrx_word' id='word_1_167' title='bbox 323 1883 408 1942; x_wconf 81' lang='lat' dir='ltr'><strong>alicui</strong></span> <span class='ocrx_word' id='word_1_168' title='bbox 422 1896 470 1942; x_wconf 84' lang='lat' dir='ltr'><strong>aut</strong></span> <span class='ocrx_word' id='word_1_169' title='bbox 483 1885 632 1960; x_wconf 83' lang='lat' dir='ltr'><strong>gladiatori</strong></span> <span class='ocrx_word' id='word_1_170' title='bbox 646 1885 765 1942; x_wconf 83' lang='lat' dir='ltr'><strong>concedi</strong></span> <span class='ocrx_word' id='word_1_171' title='bbox 780 1887 816 1942; x_wconf 88' lang='lat' dir='ltr'><strong>sit</strong></span> <span class='ocrx_word' id='word_1_172' title='bbox 829 1887 966 1944; x_wconf 82' lang='lat' dir='ltr'><strong>necessel</strong></span> 
     </span>
     <span class='ocr_line' id='line_1_22' title="bbox 259 1961 1152 2033; baseline 0.011 -19"><span class='ocrx_word' id='word_1_173' title='bbox 259 1961 362 2016; x_wconf 88' lang='lat' dir='ltr'><strong>ertiurn</strong></span> <span class='ocrx_word' id='word_1_174' title='bbox 371 1979 462 2033; x_wconf 82' lang='lat' dir='ltr'><strong>genus</strong></span> <span class='ocrx_word' id='word_1_175' title='bbox 476 1972 519 2016; x_wconf 86' lang='lat' dir='ltr'><strong>est</strong></span> <span class='ocrx_word' id='word_1_176' title='bbox 532 1972 612 2018; x_wconf 81' lang='lat' dir='ltr'><strong>aetate</strong></span> <span class='ocrx_word' id='word_1_177' title='bbox 620 1961 678 2032; x_wconf 83' lang='lat' dir='ltr'><strong>jam</strong></span> <span class='ocrx_word' id='word_1_178' title='bbox 689 1963 830 2032; x_wconf 80' lang='lat' dir='ltr'><strong>affectum,</strong></span> <span class='ocrx_word' id='word_1_179' title='bbox 845 1964 895 2021; x_wconf 89' lang='lat' dir='ltr'><strong>sed</strong></span> <span class='ocrx_word' id='word_1_180' title='bbox 906 1975 1000 2020; x_wconf 83' lang='lat' dir='ltr'><strong>tarrren</strong></span> <span class='ocrx_word' id='word_1_181' title='bbox 1014 1967 1152 2024; x_wconf 83' lang='lat' dir='ltr'><strong>exercita·</strong></span> 
     </span>
     <span class='ocr_line' id='line_1_23' title="bbox 191 2034 1151 2114; baseline 0.008 -22"><span class='ocrx_word' id='word_1_182' title='bbox 191 2034 267 2094; x_wconf 84' lang='lat' dir='ltr'><strong>tione</strong></span> <span class='ocrx_word' id='word_1_183' title='bbox 287 2035 450 2109; x_wconf 80' lang='lat' dir='ltr'><strong>robustum3</strong></span> <span class='ocrx_word' id='word_1_184' title='bbox 472 2060 527 2114; x_wconf 88' lang='lat' dir='ltr'><strong>quo</strong></span> <span class='ocrx_word' id='word_1_185' title='bbox 539 2059 576 2096; x_wconf 80' lang='lat' dir='ltr'><strong>ex</strong></span> <span class='ocrx_word' id='word_1_186' title='bbox 588 2057 692 2114; x_wconf 85' lang='lat' dir='ltr'><strong>genere</strong></span> <span class='ocrx_word' id='word_1_187' title='bbox 713 2049 755 2096; x_wconf 86' lang='lat' dir='ltr'><strong>est</strong></span> <span class='ocrx_word' id='word_1_188' title='bbox 769 2039 829 2114; x_wconf 89' lang='lat' dir='ltr'><strong>ipse</strong></span> <span class='ocrx_word' id='word_1_189' title='bbox 851 2037 986 2110; x_wconf 85' lang='lat' dir='ltr'><strong>Manlius,</strong></span> <span class='ocrx_word' id='word_1_190' title='bbox 1008 2043 1056 2097; x_wconf 93' lang='lat' dir='ltr'><strong>cui</strong></span> <span class='ocrx_word' id='word_1_191' title='bbox 1071 2061 1151 2100; x_wconf 81' lang='lat' dir='ltr'><strong>nrtnc</strong></span> 
     </span>
     <span class='ocr_line' id='line_1_24' title="bbox 192 2113 1152 2192; baseline 0.004 -22"><span class='ocrx_word' id='word_1_192' title='bbox 192 2113 315 2173; x_wconf 83' lang='lat' dir='ltr'><strong>Catilina</strong></span> <span class='ocrx_word' id='word_1_193' title='bbox 328 2118 464 2174; x_wconf 73' lang='lat' dir='ltr'><strong>succedit.</strong></span> <span class='ocrx_word' id='word_1_194' title='bbox 493 2117 533 2174; x_wconf 88' lang='lat' dir='ltr'><strong>Hi</strong></span> <span class='ocrx_word' id='word_1_195' title='bbox 549 2127 615 2173; x_wconf 86' lang='lat' dir='ltr'><strong>sunt</strong></span> <span class='ocrx_word' id='word_1_196' title='bbox 625 2115 754 2172; x_wconf 83' lang='lat' dir='ltr'><strong>homines</strong></span> <span class='ocrx_word' id='word_1_197' title='bbox 768 2135 804 2172; x_wconf 78' lang='lat' dir='ltr'><strong>ex</strong></span> <span class='ocrx_word' id='word_1_198' title='bbox 817 2116 853 2172; x_wconf 90' lang='lat' dir='ltr'><strong>iis</strong></span> <span class='ocrx_word' id='word_1_199' title='bbox 866 2118 986 2174; x_wconf 88' lang='lat' dir='ltr'><strong>coloniis</strong></span> <span class='ocrx_word' id='word_1_200' title='bbox 999 2136 1068 2191; x_wconf 87' lang='lat' dir='ltr'><strong>quas</strong></span> <span class='ocrx_word' id='word_1_201' title='bbox 1085 2117 1152 2192; x_wconf 85' lang='lat' dir='ltr'><strong>[Fe-</strong></span> 
     </span>
     <span class='ocr_line' id='line_1_25' title="bbox 192 2191 1151 2270; baseline 0.005 -25"><span class='ocrx_word' id='word_1_202' title='bbox 192 2191 274 2270; x_wconf 90' lang='lat' dir='ltr'><strong>sulis]</strong></span> <span class='ocrx_word' id='word_1_203' title='bbox 291 2194 370 2250; x_wconf 87' lang='lat' dir='ltr'><strong>Sulla</strong></span> <span class='ocrx_word' id='word_1_204' title='bbox 383 2194 529 2252; x_wconf 84' lang='lat' dir='ltr'><strong>constituit</strong></span> <span class='ocrx_word' id='word_1_205' title='bbox 538 2213 545 2262; x_wconf 94' lang='lat'>;</span> <span class='ocrx_word' id='word_1_206' title='bbox 566 2212 635 2268; x_wconf 90' lang='lat' dir='ltr'><strong>quas</strong></span> <span class='ocrx_word' id='word_1_207' title='bbox 650 2211 704 2268; x_wconf 80' lang='lat' dir='ltr'><strong>ego</strong></span> <span class='ocrx_word' id='word_1_208' title='bbox 716 2194 862 2252; x_wconf 84' lang='lat' dir='ltr'><strong>universas</strong></span> <span class='ocrx_word' id='word_1_209' title='bbox 875 2195 979 2250; x_wconf 89' lang='lat' dir='ltr'><strong>civium</strong></span> <span class='ocrx_word' id='word_1_210' title='bbox 1001 2213 1064 2250; x_wconf 89' lang='lat' dir='ltr'><strong>esse</strong></span> <span class='ocrx_word' id='word_1_211' title='bbox 1081 2195 1151 2268; x_wconf 84' lang='lat' dir='ltr'><strong>opti·</strong></span> 
     </span>
     <span class='ocr_line' id='line_1_26' title="bbox 141 2265 1152 2340; baseline 0.003 -17"><span class='ocrx_word' id='word_1_212' title='bbox 141 2273 177 2330; x_wconf 69' lang='lat'><strong>25</strong></span> <span class='ocrx_word' id='word_1_213' title='bbox 191 2286 310 2340; x_wconf 89' lang='lat' dir='ltr'><strong>morum,</strong></span> <span class='ocrx_word' id='word_1_214' title='bbox 324 2282 353 2327; x_wconf 85' lang='lat' dir='ltr'><strong>et</strong></span> <span class='ocrx_word' id='word_1_215' title='bbox 367 2265 578 2328; x_wconf 82' lang='lat' dir='ltr'><strong>fortissimorum</strong></span> <span class='ocrx_word' id='word_1_216' title='bbox 592 2271 726 2340; x_wconf 78' lang='lat' dir='ltr'><strong>virorum,</strong></span> <span class='ocrx_word' id='word_1_217' title='bbox 738 2271 845 2328; x_wconf 87' lang='lat' dir='ltr'><strong>sentio:</strong></span> <span class='ocrx_word' id='word_1_218' title='bbox 866 2271 916 2325; x_wconf 87' lang='lat' dir='ltr'><strong>sed</strong></span> <span class='ocrx_word' id='word_1_219' title='bbox 932 2281 1027 2326; x_wconf 87' lang='lat' dir='ltr'><strong>tamen</strong></span> <span class='ocrx_word' id='word_1_220' title='bbox 1038 2271 1067 2326; x_wconf 89' lang='lat' dir='ltr'><strong>bi</strong></span> <span class='ocrx_word' id='word_1_221' title='bbox 1085 2279 1152 2326; x_wconf 85' lang='lat' dir='ltr'><strong>sunt</strong></span> 
     </span>
     <span class='ocr_line' id='line_1_27' title="bbox 192 2337 1152 2420; baseline 0.002 -20"><span class='ocrx_word' id='word_1_222' title='bbox 192 2345 294 2414; x_wconf 87' lang='lat' dir='ltr'><strong>coloni,</strong></span> <span class='ocrx_word' id='word_1_223' title='bbox 308 2347 356 2418; x_wconf 91' lang='lat' dir='ltr'><strong>qui</strong></span> <span class='ocrx_word' id='word_1_224' title='bbox 367 2366 417 2415; x_wconf 85' lang='lat' dir='ltr'><strong>so,</strong></span> <span class='ocrx_word' id='word_1_225' title='bbox 432 2337 463 2402; x_wconf 89' lang='lat' dir='ltr'><strong>in</strong></span> <span class='ocrx_word' id='word_1_226' title='bbox 483 2347 631 2420; x_wconf 85' lang='lat' dir='ltr'><strong>insperatis</strong></span> <span class='ocrx_word' id='word_1_227' title='bbox 648 2347 860 2420; x_wconf 86' lang='lat' dir='ltr'><strong>repentinisque</strong></span> <span class='ocrx_word' id='word_1_228' title='bbox 874 2347 1013 2418; x_wconf 89' lang='lat' dir='ltr'><strong>pecuniis,</strong></span> <span class='ocrx_word' id='word_1_229' title='bbox 1027 2357 1152 2420; x_wconf 88' lang='lat' dir='ltr'><strong>sumptu·</strong></span> 
     </span>
     <span class='ocr_line' id='line_1_28' title="bbox 190 2417 1151 2494; baseline 0.004 -20"><span class='ocrx_word' id='word_1_230' title='bbox 190 2417 267 2474; x_wconf 82' lang='lat' dir='ltr'><strong>osiirs</strong></span> <span class='ocrx_word' id='word_1_231' title='bbox 282 2419 503 2494; x_wconf 74' lang='lat' dir='ltr'><strong>insolentiusque</strong></span> <span class='ocrx_word' id='word_1_232' title='bbox 514 2422 663 2494; x_wconf 69' lang='lat' dir='ltr'><strong>jactarunt.</strong></span> <span class='ocrx_word' id='word_1_233' title='bbox 705 2421 755 2490; x_wconf 92' lang='lat' dir='ltr'><strong>Hi,</strong></span> <span class='ocrx_word' id='word_1_234' title='bbox 770 2423 837 2476; x_wconf 89' lang='lat' dir='ltr'><strong>dum</strong></span> <span class='ocrx_word' id='word_1_235' title='bbox 852 2421 1003 2486; x_wconf 72' lang='lat' dir='ltr'><strong>edificant,</strong></span> <span class='ocrx_word' id='word_1_236' title='bbox 1017 2431 1151 2491; x_wconf 74' lang='lat' dir='ltr'><strong>tanquam</strong></span> 
     </span>
     <span class='ocr_line' id='line_1_29' title="bbox 191 2493 1153 2571; baseline 0.002 -23"><span class='ocrx_word' id='word_1_237' title='bbox 191 2493 275 2564; x_wconf 88' lang='lat' dir='ltr'><strong>beati,</strong></span> <span class='ocrx_word' id='word_1_238' title='bbox 284 2496 352 2550; x_wconf 92' lang='lat' dir='ltr'><strong>dum</strong></span> <span class='ocrx_word' id='word_1_239' title='bbox 366 2497 489 2571; x_wconf 84' lang='lat' dir='ltr'><strong>praediis,</strong></span> <span class='ocrx_word' id='word_1_240' title='bbox 500 2497 620 2565; x_wconf 86' lang='lat' dir='ltr'><strong>lecticis,</strong></span> <span class='ocrx_word' id='word_1_241' title='bbox 631 2496 746 2567; x_wconf 27' lang='lat' dir='ltr'><strong>familiis,</strong></span> <span class='ocrx_word' id='word_1_242' title='bbox 757 2495 878 2568; x_wconf 66' lang='lat' dir='ltr'><strong>maguis,</strong></span> <span class='ocrx_word' id='word_1_243' title='bbox 888 2493 1023 2548; x_wconf 86' lang='lat' dir='ltr'><strong>conviviis</strong></span> <span class='ocrx_word' id='word_1_244' title='bbox 1038 2501 1153 2567; x_wconf 76' lang='lat' dir='ltr'><strong>appara-</strong></span> 
     </span>
     <span class='ocr_line' id='line_1_30' title="bbox 190 2566 1150 2641; baseline 0.004 -17"><span class='ocrx_word' id='word_1_245' title='bbox 190 2569 236 2639; x_wconf 86' lang='lat' dir='ltr'><strong>tis,</strong></span> <span class='ocrx_word' id='word_1_246' title='bbox 252 2571 435 2641; x_wconf 84' lang='lat' dir='ltr'><strong>delectantur,</strong></span> <span class='ocrx_word' id='word_1_247' title='bbox 451 2572 481 2627; x_wconf 91' lang='lat' dir='ltr'><strong>in</strong></span> <span class='ocrx_word' id='word_1_248' title='bbox 494 2582 603 2628; x_wconf 84' lang='lat' dir='ltr'><strong>tantum</strong></span> <span class='ocrx_word' id='word_1_249' title='bbox 618 2589 656 2626; x_wconf 81' lang='lat' dir='ltr'><strong>aes</strong></span> <span class='ocrx_word' id='word_1_250' title='bbox 670 2570 794 2625; x_wconf 83' lang='lat' dir='ltr'><strong>alienum</strong></span> <span class='ocrx_word' id='word_1_251' title='bbox 808 2566 979 2638; x_wconf 73' lang='lat' dir='ltr'><strong>inciderunt,</strong></span> <span class='ocrx_word' id='word_1_252' title='bbox 993 2578 1035 2637; x_wconf 88' lang='lat' dir='ltr'><strong>ut,</strong></span> <span class='ocrx_word' id='word_1_253' title='bbox 1046 2569 1070 2624; x_wconf 90' lang='lat' dir='ltr'><strong>si</strong></span> <span class='ocrx_word' id='word_1_254' title='bbox 1081 2570 1150 2628; x_wconf 76' lang='lat' dir='ltr'><strong>salvi</strong></span> 
     </span>
     <span class='ocr_line' id='line_1_31' title="bbox 68 2643 1150 2717; baseline 0.004 -19"><span class='ocrx_word' id='word_1_255' title='bbox 68 2683 73 2698; x_wconf 89' lang='lat'><strong>.</strong></span> <span class='ocrx_word' id='word_1_256' title='bbox 141 2653 177 2710; x_wconf 77' lang='lat'><strong>30</strong></span> <span class='ocrx_word' id='word_1_257' title='bbox 191 2664 253 2703; x_wconf 86' lang='lat' dir='ltr'><strong>esse</strong></span> <span class='ocrx_word' id='word_1_258' title='bbox 274 2647 370 2717; x_wconf 86' lang='lat' dir='ltr'><strong>velint,</strong></span> <span class='ocrx_word' id='word_1_259' title='bbox 385 2647 464 2704; x_wconf 82' lang='lat' dir='ltr'><strong>Sulla</strong></span> <span class='ocrx_word' id='word_1_260' title='bbox 483 2649 519 2703; x_wconf 92' lang='lat' dir='ltr'><strong>sit</strong></span> <span class='ocrx_word' id='word_1_261' title='bbox 538 2647 573 2702; x_wconf 87' lang='lat' dir='ltr'><strong>iis</strong></span> <span class='ocrx_word' id='word_1_262' title='bbox 593 2648 630 2702; x_wconf 83' lang='lat' dir='ltr'><strong>ab</strong></span> <span class='ocrx_word' id='word_1_263' title='bbox 650 2645 747 2704; x_wconf 78' lang='lat' dir='ltr'><strong>inseris</strong></span> <span class='ocrx_word' id='word_1_264' title='bbox 767 2643 942 2700; x_wconf 83' lang='lat' dir='ltr'><strong>excitandus.</strong></span> <span class='ocrx_word' id='word_1_265' title='bbox 982 2643 1044 2704; x_wconf 83' lang='lat' dir='ltr'><strong>Qui</strong></span> <span class='ocrx_word' id='word_1_266' title='bbox 1064 2646 1150 2702; x_wconf 87' lang='lat' dir='ltr'><strong>etiam</strong></span> 
     </span>
     <span class='ocr_line' id='line_1_32' title="bbox 191 2722 1152 2797; baseline -0.001 -19"><span class='ocrx_word' id='word_1_267' title='bbox 191 2723 343 2780; x_wconf 87' lang='lat' dir='ltr'><strong>nonnullos</strong></span> <span class='ocrx_word' id='word_1_268' title='bbox 362 2734 497 2797; x_wconf 82' lang='lat' dir='ltr'><strong>agrestes,</strong></span> <span class='ocrx_word' id='word_1_269' title='bbox 518 2723 646 2778; x_wconf 88' lang='lat' dir='ltr'><strong>homines</strong></span> <span class='ocrx_word' id='word_1_270' title='bbox 667 2733 769 2777; x_wconf 86' lang='lat' dir='ltr'><strong>tenues</strong></span> <span class='ocrx_word' id='word_1_271' title='bbox 789 2731 871 2794; x_wconf 84' lang='lat' dir='ltr'><strong>atque</strong></span> <span class='ocrx_word' id='word_1_272' title='bbox 889 2731 1015 2794; x_wconf 85' lang='lat' dir='ltr'><strong>egentes,</strong></span> <span class='ocrx_word' id='word_1_273' title='bbox 1034 2722 1064 2775; x_wconf 91' lang='lat' dir='ltr'><strong>in</strong></span> <span class='ocrx_word' id='word_1_274' title='bbox 1085 2739 1152 2777; x_wconf 83' lang='lat' dir='ltr'><strong>can-</strong></span> 
     </span>
     <span class='ocr_line' id='line_1_33' title="bbox 191 2795 1152 2871; baseline -0.001 -18"><span class='ocrx_word' id='word_1_275' title='bbox 191 2800 256 2853; x_wconf 90' lang='lat' dir='ltr'><strong>dem</strong></span> <span class='ocrx_word' id='word_1_276' title='bbox 270 2799 345 2852; x_wconf 84' lang='lat' dir='ltr'><strong>illam</strong></span> <span class='ocrx_word' id='word_1_277' title='bbox 359 2816 438 2868; x_wconf 89' lang='lat' dir='ltr'><strong>spem</strong></span> <span class='ocrx_word' id='word_1_278' title='bbox 458 2797 619 2868; x_wconf 84' lang='lat' dir='ltr'><strong>rapinarum</strong></span> <span class='ocrx_word' id='word_1_279' title='bbox 639 2805 765 2849; x_wconf 84' lang='lat' dir='ltr'><strong>veterum</strong></span> <span class='ocrx_word' id='word_1_280' title='bbox 783 2796 961 2864; x_wconf 81' lang='lat' dir='ltr'><strong>impulerunt.</strong></span> <span class='ocrx_word' id='word_1_281' title='bbox 989 2795 1083 2862; x_wconf 77' lang='lat' dir='ltr'><strong>‚Quos</strong></span> <span class='ocrx_word' id='word_1_282' title='bbox 1096 2815 1152 2871; x_wconf 83' lang='lat' dir='ltr'><strong>ego</strong></span> 
     </span>
     <span class='ocr_line' id='line_1_34' title="bbox 191 2867 1150 2942; baseline 0.004 -18"><span class='ocrx_word' id='word_1_283' title='bbox 191 2883 333 2942; x_wconf 79' lang='lat' dir='ltr'><strong>utrosque,</strong></span> <span class='ocrx_word' id='word_1_284' title='bbox 345 2869 484 2937; x_wconf 77' lang='lat' dir='ltr'><strong>Quirites,</strong></span> <span class='ocrx_word' id='word_1_285' title='bbox 496 2869 525 2922; x_wconf 89' lang='lat' dir='ltr'><strong>in</strong></span> <span class='ocrx_word' id='word_1_286' title='bbox 538 2869 638 2923; x_wconf 88' lang='lat' dir='ltr'><strong>eodem</strong></span> <span class='ocrx_word' id='word_1_287' title='bbox 649 2883 754 2939; x_wconf 84' lang='lat' dir='ltr'><strong>genero</strong></span> <span class='ocrx_word' id='word_1_288' title='bbox 766 2867 952 2940; x_wconf 71' lang='lat' dir='ltr'><strong>predatorum</strong></span> <span class='ocrx_word' id='word_1_289' title='bbox 966 2870 1150 2941; x_wconf 87' lang='lat' dir='ltr'><strong>direptorum·</strong></span> 
     </span>
     <span class='ocr_line' id='line_1_35' title="bbox 190 2941 1151 3020; baseline 0.002 -20"><span class='ocrx_word' id='word_1_290' title='bbox 190 2963 245 3018; x_wconf 91' lang='lat' dir='ltr'><strong>que</strong></span> <span class='ocrx_word' id='word_1_291' title='bbox 259 2963 342 3018; x_wconf 82' lang='lat' dir='ltr'><strong>pono.</strong></span> <span class='ocrx_word' id='word_1_292' title='bbox 378 2943 435 2998; x_wconf 85' lang='lat' dir='ltr'><strong>Sed</strong></span> <span class='ocrx_word' id='word_1_293' title='bbox 450 2961 498 2998; x_wconf 90' lang='lat' dir='ltr'><strong>eos</strong></span> <span class='ocrx_word' id='word_1_294' title='bbox 513 2943 567 2998; x_wconf 87' lang='lat' dir='ltr'><strong>hoc</strong></span> <span class='ocrx_word' id='word_1_295' title='bbox 580 2959 694 2996; x_wconf 88' lang='lat' dir='ltr'><strong>moneo:</strong></span> <span class='ocrx_word' id='word_1_296' title='bbox 715 2941 846 2996; x_wconf 84' lang='lat' dir='ltr'><strong>desinant</strong></span> <span class='ocrx_word' id='word_1_297' title='bbox 856 2941 958 3010; x_wconf 83' lang='lat' dir='ltr'><strong>surore,</strong></span> <span class='ocrx_word' id='word_1_298' title='bbox 969 2960 1003 2998; x_wconf 89' lang='lat' dir='ltr'><strong>ac</strong></span> <span class='ocrx_word' id='word_1_299' title='bbox 1013 2947 1151 3020; x_wconf 90' lang='lat' dir='ltr'><strong>proscrip-</strong></span> 
     </span>
     <span class='ocr_line' id='line_1_36' title="bbox 141 3015 1149 3092; baseline 0.003 -17"><span class='ocrx_word' id='word_1_300' title='bbox 141 3021 176 3074; x_wconf 86' lang='grc'><strong>35</strong></span> <span class='ocrx_word' id='word_1_301' title='bbox 190 3021 282 3076; x_wconf 86' lang='lat' dir='ltr'><strong>tiones</strong></span> <span class='ocrx_word' id='word_1_302' title='bbox 290 3032 319 3077; x_wconf 84' lang='lat' dir='ltr'><strong>et</strong></span> <span class='ocrx_word' id='word_1_303' title='bbox 327 3021 480 3078; x_wconf 79' lang='lat' dir='ltr'><strong>dictaturas</strong></span> <span class='ocrx_word' id='word_1_304' title='bbox 490 3018 622 3092; x_wconf 82' lang='lat' dir='ltr'><strong>cogitare.</strong></span> <span class='ocrx_word' id='word_1_305' title='bbox 654 3015 767 3074; x_wconf 84' lang='lat' dir='ltr'><strong>Tantus</strong></span> <span class='ocrx_word' id='word_1_306' title='bbox 780 3017 856 3072; x_wconf 88' lang='lat' dir='ltr'><strong>enim</strong></span> <span class='ocrx_word' id='word_1_307' title='bbox 868 3015 977 3072; x_wconf 91' lang='lat' dir='ltr'><strong>illorum</strong></span> <span class='ocrx_word' id='word_1_308' title='bbox 988 3029 1149 3092; x_wconf 86' lang='lat' dir='ltr'><strong>temporum</strong></span> 
     </span>
     <span class='ocr_line' id='line_1_37' title="bbox 191 3089 1149 3166; baseline 0 -12"><span class='ocrx_word' id='word_1_309' title='bbox 191 3098 271 3154; x_wconf 90' lang='lat' dir='ltr'><strong>dolor</strong></span> <span class='ocrx_word' id='word_1_310' title='bbox 282 3097 393 3154; x_wconf 90' lang='lat' dir='ltr'><strong>inustus</strong></span> <span class='ocrx_word' id='word_1_311' title='bbox 407 3107 451 3152; x_wconf 87' lang='lat' dir='ltr'><strong>est</strong></span> <span class='ocrx_word' id='word_1_312' title='bbox 465 3093 581 3162; x_wconf 84' lang='lat' dir='ltr'><strong>civitati,</strong></span> <span class='ocrx_word' id='word_1_313' title='bbox 593 3103 624 3148; x_wconf 91' lang='lat' dir='ltr'><strong>ut</strong></span> <span class='ocrx_word' id='word_1_314' title='bbox 633 3091 691 3165; x_wconf 85' lang='lat' dir='ltr'><strong>jam</strong></span> <span class='ocrx_word' id='word_1_315' title='bbox 705 3092 759 3148; x_wconf 89' lang='lat' dir='ltr'><strong>ista</strong></span> <span class='ocrx_word' id='word_1_316' title='bbox 772 3111 830 3148; x_wconf 88' lang='lat' dir='ltr'><strong>non</strong></span> <span class='ocrx_word' id='word_1_317' title='bbox 844 3089 930 3148; x_wconf 80' lang='lat' dir='ltr'><strong>modb</strong></span> <span class='ocrx_word' id='word_1_318' title='bbox 945 3095 1085 3166; x_wconf 74' lang='lat' dir='ltr'><strong>hominen,</strong></span> <span class='ocrx_word' id='word_1_319' title='bbox 1096 3099 1149 3154; x_wconf 86' lang='lat' dir='ltr'><strong>sed</strong></span> 
     </span>
     <span class='ocr_line' id='line_1_38' title="bbox 190 3168 961 3246; baseline -0.009 -16"><span class='ocrx_word' id='word_1_320' title='bbox 190 3191 228 3230; x_wconf 89' lang='lat' dir='ltr'><strong>ne</strong></span> <span class='ocrx_word' id='word_1_321' title='bbox 241 3173 366 3246; x_wconf 85' lang='lat' dir='ltr'><strong>pecudes</strong></span> <span class='ocrx_word' id='word_1_322' title='bbox 380 3171 495 3244; x_wconf 86' lang='lat' dir='ltr'><strong>quidem</strong></span> <span class='ocrx_word' id='word_1_323' title='bbox 509 3169 579 3224; x_wconf 88' lang='lat' dir='ltr'><strong>mihi</strong></span> <span class='ocrx_word' id='word_1_324' title='bbox 591 3185 715 3240; x_wconf 76' lang='lat' dir='ltr'><strong>passure</strong></span> <span class='ocrx_word' id='word_1_325' title='bbox 730 3185 793 3224; x_wconf 90' lang='lat' dir='ltr'><strong>esse</strong></span> <span class='ocrx_word' id='word_1_326' title='bbox 806 3168 961 3224; x_wconf 84' lang='lat' dir='ltr'><strong>videantur.</strong></span> 
     </span>
     <span class='ocr_line' id='line_1_39' title="bbox 229 3241 1150 3318; baseline 0.001 -15"><span class='ocrx_word' id='word_1_327' title='bbox 229 3247 267 3303; x_wconf 91' lang='lat' dir='ltr'><strong>X.</strong></span> <span class='ocrx_word' id='word_1_328' title='bbox 306 3246 451 3306; x_wconf 79' lang='lat' dir='ltr'><strong>Quartum</strong></span> <span class='ocrx_word' id='word_1_329' title='bbox 461 3263 553 3318; x_wconf 85' lang='lat' dir='ltr'><strong>genus</strong></span> <span class='ocrx_word' id='word_1_330' title='bbox 563 3255 607 3300; x_wconf 84' lang='lat' dir='ltr'><strong>est</strong></span> <span class='ocrx_word' id='word_1_331' title='bbox 616 3241 686 3300; x_wconf 71' lang='lat' dir='ltr'><strong>sane</strong></span> <span class='ocrx_word' id='word_1_332' title='bbox 701 3243 819 3312; x_wconf 78' lang='lat' dir='ltr'><strong>uarium,</strong></span> <span class='ocrx_word' id='word_1_333' title='bbox 829 3255 858 3300; x_wconf 85' lang='lat' dir='ltr'><strong>et</strong></span> <span class='ocrx_word' id='word_1_334' title='bbox 871 3243 1000 3314; x_wconf 84' lang='lat' dir='ltr'><strong>mixtum,</strong></span> <span class='ocrx_word' id='word_1_335' title='bbox 1011 3255 1039 3304; x_wconf 86' lang='lat' dir='ltr'><strong>et</strong></span> <span class='ocrx_word' id='word_1_336' title='bbox 1053 3247 1150 3304; x_wconf 91' lang='lat' dir='ltr'><strong>turbu·</strong></span> 
     </span>
     <span class='ocr_line' id='line_1_40' title="bbox 189 3312 1147 3396; baseline 0.001 -17"><span class='ocrx_word' id='word_1_337' title='bbox 189 3323 311 3390; x_wconf 84' lang='lat' dir='ltr'><strong>lentum;</strong></span> <span class='ocrx_word' id='word_1_338' title='bbox 332 3321 378 3395; x_wconf 90' lang='lat' dir='ltr'><strong>qui</strong></span> <span class='ocrx_word' id='word_1_339' title='bbox 387 3320 556 3396; x_wconf 84' lang='lat' dir='ltr'><strong>jampridem</strong></span> <span class='ocrx_word' id='word_1_340' title='bbox 566 3331 749 3394; x_wconf 86' lang='lat' dir='ltr'><strong>premuntur;</strong></span> <span class='ocrx_word' id='word_1_341' title='bbox 769 3319 816 3392; x_wconf 93' lang='lat' dir='ltr'><strong>qui</strong></span> <span class='ocrx_word' id='word_1_342' title='bbox 827 3312 970 3393; x_wconf 75' lang='lat' dir='ltr'><strong>nunquam</strong></span> <span class='ocrx_word' id='word_1_343' title='bbox 984 3335 1147 3396; x_wconf 82' lang='lat' dir='ltr'><strong>emergent;</strong></span> 
     </span>
     <span class='ocr_line' id='line_1_41' title="bbox 140 3392 1148 3474; baseline -0.004 -14"><span class='ocrx_word' id='word_1_344' title='bbox 140 3409 175 3460; x_wconf 75' lang='lat'><strong>40</strong></span> <span class='ocrx_word' id='word_1_345' title='bbox 189 3401 246 3474; x_wconf 91' lang='lat' dir='ltr'><strong>qui,</strong></span> <span class='ocrx_word' id='word_1_346' title='bbox 254 3399 355 3474; x_wconf 88' lang='lat' dir='ltr'><strong>partim</strong></span> <span class='ocrx_word' id='word_1_347' title='bbox 366 3398 478 3469; x_wconf 61' lang='lat' dir='ltr'><strong>inertis,</strong></span> <span class='ocrx_word' id='word_1_348' title='bbox 486 3397 588 3474; x_wconf 87' lang='lat' dir='ltr'><strong>partim</strong></span> <span class='ocrx_word' id='word_1_349' title='bbox 598 3392 672 3452; x_wconf 68' lang='lat' dir='ltr'><strong>malo</strong></span> <span class='ocrx_word' id='word_1_350' title='bbox 682 3395 809 3471; x_wconf 85' lang='lat' dir='ltr'><strong>gerendo</strong></span> <span class='ocrx_word' id='word_1_351' title='bbox 817 3397 939 3470; x_wconf 87' lang='lat' dir='ltr'><strong>negotio,</strong></span> <span class='ocrx_word' id='word_1_352' title='bbox 946 3398 1048 3470; x_wconf 81' lang='lat' dir='ltr'><strong>partim</strong></span> <span class='ocrx_word' id='word_1_353' title='bbox 1062 3399 1148 3456; x_wconf 87' lang='lat' dir='ltr'><strong>etiam</strong></span> 
     </span>
     <span class='ocr_line' id='line_1_42' title="bbox 190 3472 1146 3550; baseline -0.002 -19"><span class='ocrx_word' id='word_1_354' title='bbox 190 3477 355 3550; x_wconf 84' lang='lat' dir='ltr'><strong>sumptibus,</strong></span> <span class='ocrx_word' id='word_1_355' title='bbox 371 3477 400 3532; x_wconf 91' lang='lat' dir='ltr'><strong>in</strong></span> <span class='ocrx_word' id='word_1_356' title='bbox 421 3486 515 3534; x_wconf 85' lang='lat' dir='ltr'><strong>vetere</strong></span> <span class='ocrx_word' id='word_1_357' title='bbox 536 3493 591 3532; x_wconf 77' lang='lat' dir='ltr'><strong>ere</strong></span> <span class='ocrx_word' id='word_1_358' title='bbox 611 3472 706 3530; x_wconf 88' lang='lat' dir='ltr'><strong>alieno</strong></span> <span class='ocrx_word' id='word_1_359' title='bbox 726 3473 874 3532; x_wconf 81' lang='lat' dir='ltr'><strong>vacillant:</strong></span> <span class='ocrx_word' id='word_1_360' title='bbox 895 3473 953 3549; x_wconf 91' lang='lat' dir='ltr'><strong>qui,</strong></span> <span class='ocrx_word' id='word_1_361' title='bbox 969 3475 1146 3545; x_wconf 84' lang='lat' dir='ltr'><strong>vadimoniis,</strong></span> 
     </span>
     <span class='ocr_line' id='line_1_43' title="bbox 186 3549 1148 3632; baseline -0.001 -25"><span class='ocrx_word' id='word_1_362' title='bbox 186 3552 312 3626; x_wconf 87' lang='lat' dir='ltr'><strong>judiciis,</strong></span> <span class='ocrx_word' id='word_1_363' title='bbox 326 3551 579 3628; x_wconf 85' lang='lat' dir='ltr'><strong>proscriptionibus</strong></span> <span class='ocrx_word' id='word_1_364' title='bbox 593 3551 742 3620; x_wconf 89' lang='lat' dir='ltr'><strong>bonorum,</strong></span> <span class='ocrx_word' id='word_1_365' title='bbox 756 3549 910 3632; x_wconf 79' lang='lat' dir='ltr'><strong>defatigati,</strong></span> <span class='ocrx_word' id='word_1_366' title='bbox 921 3550 1054 3622; x_wconf 82' lang='lat' dir='ltr'><strong>permulti</strong></span> <span class='ocrx_word' id='word_1_367' title='bbox 1068 3561 1148 3606; x_wconf 86' lang='lat' dir='ltr'><strong>etex</strong></span> 
     </span>
     <span class='ocr_line' id='line_1_44' title="bbox 189 3625 1147 3702; baseline -0.001 -19"><span class='ocrx_word' id='word_1_368' title='bbox 189 3627 266 3684; x_wconf 90' lang='lat' dir='ltr'><strong>Urbe</strong></span> <span class='ocrx_word' id='word_1_369' title='bbox 280 3640 357 3686; x_wconf 85' lang='lat' dir='ltr'><strong>etex</strong></span> <span class='ocrx_word' id='word_1_370' title='bbox 370 3629 446 3702; x_wconf 75' lang='lat' dir='ltr'><strong>egris</strong></span> <span class='ocrx_word' id='word_1_371' title='bbox 460 3647 490 3683; x_wconf 88' lang='lat' dir='ltr'><strong>se</strong></span> <span class='ocrx_word' id='word_1_372' title='bbox 506 3629 535 3685; x_wconf 90' lang='lat' dir='ltr'><strong>iu</strong></span> <span class='ocrx_word' id='word_1_373' title='bbox 550 3629 597 3684; x_wconf 86' lang='lat' dir='ltr'><strong>illa</strong></span> <span class='ocrx_word' id='word_1_374' title='bbox 614 3639 707 3684; x_wconf 71' lang='lat' dir='ltr'><strong>casua</strong></span> <span class='ocrx_word' id='word_1_375' title='bbox 720 3626 850 3684; x_wconf 78' lang='lat' dir='ltr'><strong>conferre</strong></span> <span class='ocrx_word' id='word_1_376' title='bbox 864 3625 1006 3682; x_wconf 89' lang='lat' dir='ltr'><strong>dicuutur.</strong></span> <span class='ocrx_word' id='word_1_377' title='bbox 1049 3625 1147 3682; x_wconf 83' lang='lat' dir='ltr'><strong>Hosce</strong></span> 
     </span>
     <span class='ocr_line' id='line_1_45' title="bbox 190 3700 1147 3783; baseline 0.001 -21"><span class='ocrx_word' id='word_1_378' title='bbox 190 3723 244 3783; x_wconf 83' lang='lat' dir='ltr'><strong>ego</strong></span> <span class='ocrx_word' id='word_1_379' title='bbox 264 3723 323 3762; x_wconf 88' lang='lat' dir='ltr'><strong>non</strong></span> <span class='ocrx_word' id='word_1_380' title='bbox 351 3714 409 3762; x_wconf 88' lang='lat' dir='ltr'><strong>tarn</strong></span> <span class='ocrx_word' id='word_1_381' title='bbox 428 3703 534 3760; x_wconf 85' lang='lat' dir='ltr'><strong>milites</strong></span> <span class='ocrx_word' id='word_1_382' title='bbox 553 3723 643 3774; x_wconf 85' lang='lat' dir='ltr'><strong>acres,</strong></span> <span class='ocrx_word' id='word_1_383' title='bbox 663 3700 748 3777; x_wconf 66' lang='lat' dir='ltr'><strong>quum</strong></span> <span class='ocrx_word' id='word_1_384' title='bbox 769 3701 941 3761; x_wconf 83' lang='lat' dir='ltr'><strong>inficiatores</strong></span> <span class='ocrx_word' id='word_1_385' title='bbox 960 3700 1063 3773; x_wconf 74' lang='lat' dir='ltr'><strong>leutos,</strong></span> <span class='ocrx_word' id='word_1_386' title='bbox 1083 3719 1147 3763; x_wconf 75' lang='lat' dir='ltr'><strong>esre</strong></span> 
     </span>
    </p>
   </div>
   <div class='ocr_carea' id='block_1_3' title="bbox 0 0 1276 4212">
    <p class='ocr_par' dir='ltr' id='par_1_3' title="bbox 0 0 1276 4212">
     <span class='ocr_line' id='line_1_46' title="bbox 0 0 1276 4212; baseline 0 1"><span class='ocrx_word' id='word_1_387' title='bbox 0 0 1276 4212; x_wconf 95' lang='lat' dir='ltr'><strong> </strong></span> 
     </span>
    </p>
   </div>
  </div>
 </body>
</html>
