2542 4212
416 331 542 395 canno
554 347 574 394 1.
585 313 624 395 m
640 321 885 398 n'cxrrmxmr.
1123 355 1163 413 ιε

150 484 223 541 meis
249 484 404 616 moribus&
426 496 454 542 et
473 497 568 543 tamen
583 487 695 558 faciam,
708 499 740 544 ut
761 489 911 562 intelligas,
934 487 1001 562 quid
1022 487 1052 545 hi
1074 487 1111 546 dc

151 571 180 615 te
202 562 332 617 sentiant.
398 553 516 635 gre'dere
540 581 577 617 ex
598 564 677 634 urbe,
691 564 830 620 Catilina:
851 565 938 621 libera
960 564 1111 639 rempubli-

151 654 216 691 cam
230 647 322 692 metu:
344 638 379 693 in·
387 639 518 693 exsilium
534 636 572 711 (si
594 639 667 694 hanc
688 657 785 695 vocem
806 640 966 768 exspectas}
987 639 1111 713 proficis·

151 730 226 767 cere.
265 713 347 772 Quid
368 723 421 781 est,
436 713 582 768 Catilina?
601 715 704 786 ecquid
718 716 849 784 attendis,
862 717 943 787 ecqui
985 715 1110 770 animad-

151 789 523 867 vertishorumsilentiumi
556 788 719 856 Patiuutur3
733 799 836 845 taoent
870 789 951 848 Quid
965 801 1109 862 exspectas
1141 800 1160 852 5

151 865 348 920 auctoritatem
369 864 551 936 loquentium,
565 883 682 936 quorum
703 863 871 920 voluntatem
888 865 1036 920 tacitorum
1050 881 1112 938 per·
1153 903 1158 914 ·

186 939 258 994 icisl
290 939 295 944 “

150 957 241 1083 spAt,
250 1015 273 1070 si
288 1016 343 1069 hoc
357 1015 431 1069 idem
448 1015 513 1068 huic
527 1015 698 1071 adolescenti
712 1017 827 1090 optimo,
841 1015 873 1072 P.
888 1017 996 1088 Sextio,
1011 1019 1035 1074 si
1058 1017 1110 1074 tor·
1164 1023 1169 1038 ²

149 1090 259 1145 tissime
281 1089 348 1158 viro,
363 1087 403 1143 Μ.
419 1088 563 1160 Marcello,
578 1090 712 1146 dixissem
721 1110 728 1158 ;
748 1093 806 1164 jam
824 1093 893 1148 milri
915 1094 1038 1162 consuli,¹
1054 1093 1109 1149 hoc
1125 1105 1131 1114 '

150 1165 210 1238 ipso
223 1167 252 1220 in
272 1165 385 1239 templo,
396 1165 459 1238 jure
472 1167 585 1238 optimo,
600 1177 714 1222 senatus
729 1169 784 1222 vim
799 1179 827 1224 et
840 1187 942 1224 manus
961 1168 1107 1224 intulisset.
1124 1169 1159 1222 10

150 1240 194 1296 De
208 1253 235 1298 te
249 1251 352 1309 autem,
366 1241 497 1312 Catilina,
511 1240 577 1299 cdm
591 1244 750 1316 quiescunt,
763 1245 898 1317 probant:
920 1241 986 1301 edm
998 1244 1109 1318 patiun-
1189 1293 1194 1302 .

147 1327 202 1388 tur,
224 1319 396 1374 decernunt:
431 1314 498 1374 crim
524 1329 627 1388 tacent,
652 1319 790 1377 clamant:
818 1339 910 1394 neque
941 1321 971 1376 hi
1004 1317 1107 1388 solum,

148 1413 268 1466 quorum
286 1393 337 1450 tibi
351 1395 502 1450 auctoritas
522 1406 566 1450 est
579 1396 710 1451 videlicet
723 1415 798 1466 cara,
814 1398 869 1452 vita
883 1397 1036 1463 vilissima;
1057 1393 1107 1452 sed

148 1471 233 1526 etiam
248 1471 287 1526 illi
302 1471 410 1542 equites
423 1470 558 1541 Romani,
572 1471 761 1528 honestissimi
775 1484 857 1545 atque
870 1472 967 1546 optimi
981 1472 1043 1542 viri,
1054 1489 1107 1526 caa-

147 1546 257 1618 terique
271 1547 414 1601 fortissimi
428 1546 515 1615 cives,
529 1547 576 1618 qui
591 1547 774 1602 circumstant
792 1559 931 1616 senatum,
944 1563 1062 1619 quorum
1076 1557 1107 1602 tu
1123 1553 1156 1606 1⁵

149 1632 178 1678 et
193 1621 376 1694 frequentiam
398 1621 502 1691 videre,
517 1631 546 1678 et
566 1623 658 1677 studia
680 1623 847 1696 perspicere,
865 1631 895 1678 'et
918 1641 1002 1678 voces
1021 1621 1107 1696 paulo

147 1695 214 1755 antei
226 1699 368 1767 exaudire,
377 1697 507 1772 potuisti:
527 1717 645 1772 quorum
659 1717 712 1772 ego
726 1700 770 1754 vix
785 1701 834 1755 abs
845 1709 872 1754 te
883 1699 992 1773 jamdiu
1006 1717 1107 1754 marrus

110 1779 115 1784 '
146 1794 182 1831 ao
203 1775 260 1830 tela
282 1774 431 1841 coutineo;
453 1775 566 1830 eosdem
590 1775 673 1830 facile
695 1776 843 1846 adducam,
855 1785 886 1830 ut
906 1785 933 1830 te
955 1775 1027 1843 hec,
1042 1793 1104 1847 quie

146 1851 315 1924 jampridem
335 1861 442 1903 vastare
473 1851 579 1918 studes,
602 1851 818 1920 relinquentem,
844 1868 932 1920 usque
957 1850 994 1903 ad
1014 1860 1106 1921 portas

147 1935 358 2000 prosequantur.
677 1988 682 1996 Ι
1120 1937 1155 1992 2⁰
1181 1941 1185 1976 ·,

186 2000 240 2057 ΙΧ.
280 2000 453 2073 Quanquam
464 2000 530 2072 quid
544 2001 638 2073 loquor
649 2002 661 2055 l
682 2011 709 2056 te
720 2011 751 2057 ut
764 2001 820 2058 ulla
833 2002 1019 2076 res-frangatl
1032 2012 1062 2058 tu
1074 2011 1106 2058 ut

147 2097 270 2152 unquam
290 2087 318 2132 te
338 2077 483 2151 corrigasl
507 2087 537 2132 tu
560 2087 592 2133 ut
609 2076 695 2132 ullam
717 2078 812 2152 sugam
839 2079 995 2134 mediterel
1020 2089 1051 2134 tu
1073 2089 1104 2134 ut

145 2155 232 2228 ullam
247 2153 377 2210 exsilium
392 2153 519 2227 cogitesl
559 2153 673 2209 Utinam
692 2154 743 2209 tibi
758 2155 839 2210 istam
852 2165 976 2210 mentem
990 2153 1038 2210 Dii
1054 2156 1104 2210 im·

146 2231 277 2288 mortales
289 2230 386 2286 duint!
411 2230 521 2286 tametsi
531 2230 622 2299 video,
633 2230 668 2300 si,
682 2230 746 2285 med
761 2249 830 2287 voco
839 2231 1012 2304 perterritus,
1024 2230 1065 2285 ire
1073 2231 1103 2284 iri

145 2308 276 2364 exsilium
290 2297 416 2362 a'rii'rrium
430 2306 582 2376 induxeris,
591 2315 697 2379 quanta
715 2317 865 2380 tempestas
886 2305 999 2361 invidiae
1013 2305 1103 2374 nobis,
1116 2315 1152 2370 25

145 2385 170 2441 si
185 2382 279 2439 mimis
293 2384 323 2438 in
343 2401 465 2456 presens
483 2393 603 2457 tempus,
617 2383 721 2438 resenti
736 2382 871 2438 memoriis
889 2381 1026 2437 scelerum
1042 2391 1104 2436 tuo·

145 2481 216 2530 rum,
241 2471 269 2517 at
286 2461 319 2516 in
345 2460 545 2533 posteritatem,
569 2459 737 2534 impendeat.
779 2459 837 2514 Sed
861 2468 904 2514 est
930 2458 999 2512 mihi
1021 2457 1102 2526 tanti,

145 2539 300 2602 dummodo,
309 2537 363 2592 ista
375 2537 481 2610 privata
502 2536 538 2592 sit
551 2537 705 2604 calamitas,
718 2545 747 2591 et
760 2555 777 2590 a
789 2534 950 2608 reipublicae
969 2532 1103 2607 periculis

144 2614 319 2686 sejungatur.
353 2613 420 2679 Sed,
434 2623 464 2666 tu
479 2622 511 2666 ut
524 2612 598 2666 vitiis
612 2612 669 2665 tuis
682 2629 885 2688 commoveare,
896 2621 928 2664 ut
940 2609 1034 2681 legum
1046 2625 1104 2680 poe·

145 2709 196 2746 nas
209 2687 401 2763 pertimescas,
416 2695 447 2738 ut
460 2686 634 2755 temporibus
648 2684 809 2754 reipublice
827 2683 977 2749 concedas,
990 2692 1047 2737 uon
1061 2692 1103 2738 est
1117 2693 1152 2746 30

143 2764 362 2841 postulandum:
383 2777 475 2831 neque
497 2758 573 2812 enir‘n
595 2758 619 2812 is
633 2775 674 2826 es,
689 2756 822 2826 Catilina,
837 2767 908 2812 utta
923 2767 971 2811 aut
983 2757 1072 2830 pudor
1086 2775 1102 2813 a

144 2840 328 2916 turpitudine,
338 2847 386 2892 aut
400 2845 490 2891 metus
499 2853 516 2890 a
526 2833 660 2908 periculo,
670 2843 719 2889 aut
731 2833 800 2889 ratio
814 2853 831 2889 a
844 2833 946 2902 furore,
958 2832 1101 2890 revocdrit.

181 2915 386 2983 Quamobrem,
399 2911 445 2986 (ut
458 2930 532 2986 saepe
543 2911 602 2985 jam
616 2909 689 2985 dixi)
702 2909 895 2983 proficiscere:
917 2927 961 2979 ac,
975 2909 999 2964 si
1021 2909 1100 2978 mihi,

143 2996 260 3052 inimico
275 2991 320 3067 (ut
333 2988 484 3065 praedicas)
498 2999 556 3056 tuo,
565 2987 689 3044 conflare
704 2986 745 3039 vis
758 2986 909 3051 invidiam3
923 2983 1001 3040 rectd
1014 3003 1100 3058 perge
1123 3011 1154 3031 α
1171 3017 1210 3032 ...

143 3074 172 3129 in
187 3071 326 3127 exsilium.
368 3065 425 3121 Vix
449 3065 535 3118 feram
558 3080 701 3117 sermones
716 3062 872 3128 hominum,
887 3061 911 3114 si
933 3061 962 3114 id
983 3060 1098 3116 seceris:
1114 3073 1150 3126 35
1216 3117 1220 3125 ,

143 3149 188 3204 vix
209 3147 311 3202 molem
326 3143 406 3199 istius
426 3140 547 3208 invidia,
562 3139 585 3193 si
600 3138 629 3193 in
643 3133 774 3192 exsilium
789 3136 854 3191 ieris
869 3136 950 3209 jussu
965 3135 1099 3206 consulis,

142 3223 294 3279 susti-nebo.
336 3219 388 3273 Sin
409 3226 503 3271 autem
524 3214 626 3270 servire
651 3229 720 3268 meae
743 3212 867 3267 laudi-et
886 3211 981 3285 gloriae
1002 3209 1100 3280 mavis,

123 3296 128 3302 ’
143 3298 276 3368 egredere
301 3313 367 3351 cum
390 3291 549 3366 importuni
565 3290 764 3352 sceleratorum
782 3305 885 3352 manu;
913 3287 1008 3342 confer
1022 3295 1050 3341 te
1064 3287 1099 3342 ad

143 3371 300 3434 Manlium;
321 3370 432 3424 concita
450 3368 573 3440 perditos
592 3366 684 3432 cives;
706 3383 823 3426 secerne
836 3373 864 3416 te
879 3381 895 3416 a
909 3362 1005 3428 bouis;
1027 3361 1100 3417 inser

141 3449 240 3524 patriae
255 3443 376 3507 bellum;
398 3442 505 3496 exsulta
518 3441 604 3514 impio
617 3440 775 3506 latrocinio,
789 3449 820 3492 ut
834 3455 850 3491 a
863 3455 908 3492 me
922 3455 978 3492 non
991 3437 1099 3509 ejectus
1113 3441 1149 3492 to

143 3525 179 3582 ad
195 3523 309 3588 alienos,
325 3517 375 3574 sed
391 3515 520 3570 invitatus
531 3518 566 3570 ad
579 3526 650 3584 tuos,
660 3511 717 3570 isse
731 3513 858 3568 videaris.
970 3586 972 3590 Δ

180 3599 354 3669 Quanquam
368 3591 435 3666 quid
455 3607 509 3662 ego
521 3599 556 3644 te
581 3590 715 3644 invitem?
736 3607 752 3643 a
774 3607 829 3662 quo
846 3589 904 3662 jam
927 3589 1015 3644 sciam
1037 3605 1100 3642 esse

142 3674 308 3749 praemissos,
317 3670 365 3744 qui
380 3668 432 3724 tibi
448 3667 483 3723 ad
498 3664 602 3721 Forum
614 3665 763 3720 Aurelium
776 3665 999 3738 praestolarentur
1012 3679 1101 3715 arma·

114 3775 117 3786 ·
142 3751 182 3820 ti;
203 3750 291 3807 sciam
311 3756 423 3823 pactam
443 3754 472 3801 et
493 3743 672 3800 constitutam
693 3759 755 3798 esse
768 3759 835 3798 curn
848 3739 958 3795 Manlio
971 3737 1062 3792 diem:
1082 3745 1100 3779 ι
