2542 4212
364 297 488 376 cimmo
505 326 554 384 111.
573 329 613 376 m
631 329 661 376 a.
679 329 886 380 caraman.

134 476 220 534 runt3
244 477 274 523 et
283 483 337 541 ego
345 485 378 522 er
392 447 567 541 pieleoturd·
575 467 700 524 Reatini
718 469 878 543 complures
891 471 1015 528 delectos
1029 471 1097 528 ado·

133 540 283 611 lesoentes,
297 561 417 616 quorum
431 545 517 630 operi
531 545 562 599 in
576 563 607 600 re
621 537 863 618 publici'assidud
879 549 951 618 utor,
964 543 1096 625 praesidio

133 636 201 674 cum
211 619 313 693 gladiis
326 620 466 676 miseram.
508 619 625 675 Interim
636 622 719 685 tertii
731 619 788 678 ferd
802 622 896 695 vigilia
907 625 1016 694 erecti,
1027 622 1094 681 crim

129 693 189 767 jam
199 707 313 769 pontem
327 695 472 754 Mulvium
480 702 590 769 'magno
603 697 738 753 eomitat'u
751 698 837 772 legati
852 699 1037 773 Allobrogum
1052 703 1095 758 in·

130 773 211 844 gredi
234 773 404 846 inciperent,
429 772 544 844 unaque
568 772 750 839 Volturcius,;
782 773 856 829 litiu
880 791 929 829 eos
952 775 1094 856 impetus:
1128 785 1146 836 5

130 849 294 904 educuntur
305 860 335 906 et
345 850 382 903 ab
393 849 449 904 illis
451 848 555 929 gladii,
566 857 595 904 et
606 868 622 904 a
633 849 745 905 nostris.
765 849 851 928 ''Re's
859 863 920 906 erat
929 852 1096 929 praetoribus

129 936 201 980 nota
214 926 281 981 solis
293 944 300 979 :
311 925 501 1000 iguorabatur
515 943 531 978 a
545 925 661 986 ceteris.
1024 985 1028 992 .

171 995 227 1056 III.
238 1005 250 1076 j
269 1000 355 1069 Tum,
366 997 526 1056 interventu
540 1001 682 1076 Pomptini
697 1013 779 1076 atque
794 1001 902 1072 Flacci,
913 1022 1019 1078 pugna,
1029 1023 1092 1078 quas

85 1091 86 1095 ’
129 1089 190 1138 erat
214 1077 374 1146 commissa,
393 1077 516 1133 sedatur.
557 1077 671 1148 Literae,
689 1093 865 1154 quaecunque
900 1092 981 1136 erant
1004 1081 1033 1136 in
1057 1100 1093 1138 eo

128 1153 274 1222 comitatu,
283 1153 401 1228 integris
415 1154 515 1228 signis,
525 1155 692 1227 praetoribus
707 1157 869 1218 tradamur:
891 1157 956 1230 ipsi,
968 1165 1144 1230 compre-'10

128 1231 221 1300 hensi,
233 1231 269 1286 ad
280 1249 336 1301 me,
347 1227 414 1287 cbm
426 1231 484 1304 jam
494 1231 895 1302 dilucesceret,'dedueuntur.
939 1235 1033 1307 Atque
1044 1235 1092 1291 ho-

127 1325 192 1362 rum
209 1307 337 1364 omnium
355 1303 495 1364 scelerum
509 1309 749 1384 improbissimum
765 1309 998 1380 machinatorem,
1015 1311 1092 1368 Cim·

128 1383 211 1440 brum
222 1384 388 1453 Gabinium,
399 1385 495 1444 statim
506 1385 541 1440 ad
552 1404 609 1455 me,
620 1381 760 1445 nihildum
772 1386 974 1460 suspicantem,
986 1387 1089 1444 vocavi.

127 1458 242 1516 Deinde
254 1461 322 1516 item
333 1461 484 1530 arcessitur
495 1461 527 1516 P.
543 1461 681 1531 Statilius,
694 1475 723 1518 et
770 1475 794 1518 st
805 1463 920 1518 eum'C.
935 1463 1090 1536 Cethegus.

127 1533 307 1592 Tardissimb
320 1548 415 1592 autem
431 1536 570 1608 Lentulus
578 1538 666 1612 yenit,
677 1556 725 1593 cre
744 1557 772 1605 0,
782 1535 868 1609 qubd,
879 1539 967 1594 literis
980 1539 1091 1610 dandis,
1110 1543 1143 1596 15
1215 1605 1219 1614 ¹

126 1615 230 1686 praeter
245 1612 491 1681 eonsuetudinem,
502 1613 629 1686 proxima
640 1624 726 1682 nocte
740 1614 876 1688 vigildrat.

117 1707 123 1718 ·
168 1685 244 1745 Cum
266 1685 331 1745 rerd
345 1689 463 1744 summis
484 1707 518 1744 ac
533 1689 697 1746 clarissimis
712 1690 793 1764 hujus
805 1685 929 1747 civitatis
943 1689 1018 1762 viris,
1032 1685 1090 1766 qui,

126 1766 225 1822 audite
239 1785 278 1829 re.
295 1765 456 1838 frequentes
474 1766 570 1822 adme
584 1764 669 1824 mane
684 1778 886 1838 convenerant,
905 1768 999 1824 literas
1014 1787 1031 1823 a
1044 1787 1090 1824 me

126 1838 208 1916 priris
222 1841 335 1913 aperiri,
346 1839 432 1912 quim
446 1843 489 1896 ad
496 1853 626 1896 senatum
641 1843 754 1910 deferri,
767 1843 905 1914 placerem
921 1861 968 1908 ne,
982 1844 1006 1897 si
1021 1843 1090 1898 nihil

54 1942 57 1950 ·
126 1925 203 1973 esset
214 1917 370 1985 inventum,
382 1913 489 1976 temere
504 1935 521 1971 a
533 1935 579 1972 me
588 1928 688 1992 ¹tantus
698 1917 835 1972 tumultus
849 1917 973 1991 injectus
985 1917 1091 1974 civitati
1107 1921 1145 1978 20

52 2021 57 2026 ·
126 1994 284 2060 videretur3
306 1993 407 2067 negavi
422 2011 467 2048 me
482 2012 546 2048 esse
562 1993 710 2064 facturum,
725 2005 765 2062 ut,
781 1994 817 2048 de
828 1993 955 2068 periculo
965 1994 1090 2068 publico,

97 2125 103 2136 ,
126 2087 185 2126 non
197 2071 232 2126 ad
243 2069 392 2129 consilium
400 2069 550 2142 publicum
561 2089 620 2126 rem
632 2067 772 2146 integram
783 2071 932 2126 deferrem.
964 2071 1089 2142 Etenim,

125 2145 267 2214 Quirites,
284 2146 307 2202 si
321 2165 365 2216 ea,
379 2165 441 2226 quae
457 2157 538 2216 erant
551 2147 587 2201 ad
601 2165 647 2202 me
662 2147 765 2215 delata,
778 2157 889 2220 reperta
903 2165 960 2202 non
974 2159 1089 2216 essent;

125 2232 222 2278 tamen
236 2240 289 2296 ego
302 2241 359 2277 non
374 2223 537 2288 arbitrabar,
548 2222 675 2276 intentis
688 2223 851 2294 reipublicae
865 2223 1008 2294 periculis,
1019 2224 1089 2278 mihi

126 2313 189 2352 esse
201 2298 319 2353 nimiam
331 2297 507 2370 diligentiam
517 2293 781 2370 pertimescendam.
813 2298 950 2352 Senatum
962 2298 1090 2370 frequen·
1105 2303 1141 2356 25

125 2383 184 2430 tem
194 2373 332 2442 celeriter,
342 2384 373 2429 ut
383 2373 500 2442 vidistis,
509 2373 603 2446 eobgi.
628 2374 723 2445 Atque
732 2373 840 2429 interea
850 2374 1090 2442 statim,admoni·

127 2460 158 2506 tu
171 2450 367 2524 Allobrogum,
379 2449 419 2505 C.
436 2450 605 2523 Sulpicium,
616 2460 774 2522 praetorem,
789 2449 886 2508 fortem
903 2450 1003 2518 virum,
1014 2451 1088 2520 misi,

126 2527 185 2598 qui,
198 2546 235 2582 ex
254 2527 364 2582 edibus
384 2526 516 2600 Cethegi,
531 2526 554 2582 si
575 2527 644 2598 quid
665 2526 785 2583 telorum
799 2537 883 2594 esset,
897 2525 1031 2581 efferret:
1051 2545 1089 2582 ex

126 2601 230 2674 quibus
243 2602 290 2655 ille
300 2597 456 2658 marimum
470 2601 593 2656 sicarum
604 2617 755 2656 numerum
766 2612 796 2656 et
809 2602 967 2673 gladiorum
978 2602 1087 2660 extulit.

166 2675 221 2732 lv.
263 2674 414 2730 Introduxi
435 2674 617 2728 Volturcium
639 2673 701 2727 sine
720 2675 831 2728 Gallis:
862 2675 945 2728 fidem
968 2677 995 2729 ei
1020 2678 1089 2747 pub-
1104 2681 1141 2740 w

126 2754 222 2820 licam,
234 2753 316 2826 jussu
331 2747 456 2818 senatis,
471 2749 556 2804 dedi:
579 2749 704 2808 hortatus
717 2766 790 2818 sum,
814 2759 844 2805 ut
857 2767 902 2830 ea,
916 2767 978 2822 quae
993 2751 1088 2822 sciret,

126 2831 189 2886 sine
198 2830 299 2886 timore
309 2826 455 2884 indicaret.
481 2889 484 2895 Ι
497 2823 575 2880 Tum
587 2825 644 2896 ille,
652 2822 720 2882 crim
731 2824 777 2882 vix
787 2845 817 2882 se
828 2845 863 2882 ex
874 2845 979 2900 magno
989 2827 1088 2884 timore

125 2907 292 2975 recreasset,
307 2903 389 2972 dixit,
405 2922 421 2958 a
436 2901 468 2958 P.
483 2901 608 2958 Lentulo
621 2921 652 2958 se
669 2903 772 2959 habere
787 2904 822 2959 ad
843 2902 996 2968 Catilinam
1010 2923 1089 2961 man-

126 2984 190 3040 data
204 2995 233 3040 et
246 2984 351 3051 literas,
365 2990 398 3035 ut
412 2997 554 3035 servorum
575 2979 706 3053 presidio
727 2989 863 3048 uteretur,
876 2992 906 3036 et
926 2981 961 3038 ad
982 2981 1088 3038 Urbem

125 3056 334 3134 quamprimirm
346 3075 414 3114 cum
424 3055 552 3112 exercitu
567 3056 735 3111 accederet:
755 3055 784 3110 id
799 3066 894 3122 autem
909 3073 945 3110 eo
958 3057 1087 3128 consilio,
1103 3065 1139 3120 35

125 3147 166 3204 ut,
177 3155 243 3193 eum
255 3135 360 3198 Urbem
374 3132 508 3189 omnibus
516 3149 555 3188 ex
567 3132 704 3205 pertibus,
715 3131 952 3204 quemadmodum
966 3132 1089 3206 deserip-
1147 3149 1151 3156 ¹

125 3223 186 3267 tum
204 3213 441 3284 distributumque
464 3220 533 3272 erat,
551 3205 757 3278 incendissent,
771 3209 935 3281 caedemque
949 3208 1088 3280 infinitam

126 3287 231 3342 civium
246 3289 399 3358 lecissent;
412 3283 514 3359 presto
528 3296 604 3342 esset
614 3285 671 3354 ille,
680 3285 728 3358 qui
743 3295 772 3341 et
783 3285 923 3360 fugientes
934 3285 1087 3359 exciperet,

85 3361 88 3368 ’
125 3373 155 3418 et
166 3380 197 3417 se
207 3363 326 3416 cumbis
336 3362 452 3416 urbanis
462 3361 583 3418 ducibus
594 3361 791 3436 conjungeret,
822 3359 1086 3420 Introductiautem
1136 3415 1139 3420 Δ

124 3437 210 3508 Galli,
230 3436 429 3510 jusjurandum
452 3438 505 3492 sibi
528 3449 557 3494 et
579 3439 715 3496 literasa
738 3439 770 3494 P.
792 3436 925 3506 Lentulo,
948 3437 1086 3511 Cethego,
1102 3446 1138 3499 40

100 3571 105 3580 ‚
124 3511 298 3584 Statilio‚'ad
312 3527 394 3570 suam
409 3522 524 3583 gentem
537 3513 617 3568 datas
629 3519 692 3570 e'sse
705 3516 857 3581 dixerunt;
879 3525 961 3588 atque
975 3515 1014 3571 ita
1033 3517 1087 3572 sibi

124 3594 162 3649 ab
176 3593 220 3650 his
240 3601 270 3647 et
284 3609 301 3646 a
313 3587 347 3646 L.
363 3585 468 3662 Cassio
481 3603 543 3642 esse
557 3590 761 3663 prescriptum,
772 3603 803 3648 ut
817 3592 973 3664 equitatum
988 3591 1016 3645 in
1033 3590 1108 3646 lta·'

123 3669 190 3727 liam
204 3663 414 3744 quamprimum
421 3663 585 3740 ‚mitterent3
606 3663 750 3738 pedestres
762 3668 816 3723 sibi
827 3668 925 3740 copias
939 3684 998 3720 non
1010 3665 1088 3746 delu-

61 3750 65 3756 '
123 3757 223 3808 turus:
244 3743 399 3806 Lentulum
414 3751 511 3800 autem
525 3741 579 3798 sibi
589 3741 777 3800 ‘confirmasse
798 3760 834 3799 ex
855 3741 920 3798 satis
943 3737 1088 3806 Sibyllinis
