2542 4212
123 379 163 439 nn
391 377 518 428 οιιιιιο
535 377 569 426 ιι.
587 377 626 426 m
643 377 672 425 L
690 349 896 462 omniurn

175 514 332 592 perniciem
347 517 467 574 civitatis
479 533 602 574 manere
652 517 774 573 Proinde
787 512 836 580 aut
848 523 961 600 exeant,
976 523 1026 570 aut
1038 513 1129 586 quies-
1190 563 1193 570 .

175 602 258 660 cant3
280 603 338 662 aut,
352 593 376 649 si
389 605 418 650 et
432 595 462 650 in
484 593 560 650 Urbe
573 605 602 650 et
622 593 765 650 ineddem
785 579 891 648 merita
893 601 1070 665 permanent,
1083 607 1127 662 ea,
1169 647 1172 654 Δ

174 687 236 741 que
250 680 393 726 merentur
395 681 583 744 ‚exspectent

119 731 156 793 lb
214 744 265 800 VI.
287 746 328 802 At
340 747 425 802 etiam
436 757 511 817 sunt,
526 746 663 816 Quirites,
677 765 726 820 qm
718 747 849 816 ',dicant
861 761 937 800 ame
952 744 983 800 in
997 743 1127 800 exsilium

141 825 159 876 5
175 820 295 910 ejectum
309 840 371 877 esse
382 823 541 878 Catilinam
581 792 671 882 Quoi
684 842 738 897 ego
751 843 775 878 ιι
767 789 991 892 verboassequi
1005 837 1125 906 possem,
1213 857 1217 868 .

175 897 244 952 istos
255 897 330 973 ipsos
341 897 481 968 ejicerem,
492 897 609 968 quihaec
620 897 777 968 loquuntur.
810 898 904 954 Homo
914 895 1044 952 videlicet
1054 895 1128 950 timi·
1145 929 1159 946 .

174 970 227 1025 dus
247 981 276 1026 et
288 963 482 1044 permodestus
501 972 598 1026 vocem
612 973 736 1028 consulis
756 974 828 1028 serre
841 991 900 1028 non
915 971 1021 1046 potuit:
1042 969 1126 1026 simul

173 1056 256 1118 atque
271 1046 312 1102 ire
326 1047 354 1102 in
366 1046 517 1103 exsilium
506 1065 602 1120 Jussus
615 1058 658 1104 est
660 1049 790 1142 ,paruit3
811 1049 868 1104 ivit.

212 1123 355 1180 Hesterno
365 1121 496 1193 die,ch
507 1123 584 1180 domi
595 1143 665 1179 meae
676 1143 749 1212 pene
737 1122 927 1182 interiectus
937 1141 1037 1192 essem,
1045 1141 1126 1178 senu-

77 1267 81 1273 .
125 1200 158 1252 10
172 1207 232 1254 tum
244 1199 273 1254 in
285 1199 372 1254 edem
384 1199 461 1255 Jovis
473 1199 590 1255 Statoris
600 1201 712 1256 vocavi:
727 1219 786 1257 rem
795 1219 907 1257 omnem
917 1201 952 1255 ad
960 1210 1052 1274 patres
1060 1217 1126 1254 con·

172 1275 290 1346 scriptos
299 1273 395 1332 detuli
435 1272 580 1334 Quocum
588 1275 720 1335 (lanima
723 1277 845 1332 venrsset
847 1295 928 1350 qurs
938 1295 1003 1332 eum
1014 1284 1126 1331 senator

172 1349 337 1435 appellavit?
345 1351 630 1445 qurssalutavrthurs
636 1353 756 1426 demque
762 1353 943 1427 rtaadspernt
950 1353 1126 1438 utperditum

172 1423 273 1494 civem,
282 1445 316 1482 ac
325 1445 381 1484 nou
391 1425 483 1515 potiris
494 1439 525 1484 ut
535 1429 805 1502 importunissimum
816 1431 943 1486 hostemi
981 1429 1065 1488 Quin
1075 1427 1127 1482 eti-

122 1523 123 1527 *
172 1517 217 1556 am
225 1501 435 1582 principesejus
445 1505 552 1560 ordinis
564 1517 672 1579 partem
687 1506 762 1560 illam
776 1506 982 1574 subselliorum,
992 1505 1026 1560 ad
1041 1521 1126 1578 quam

124 1578 157 1628 15
172 1576 218 1633 ille
228 1589 393 1650 accesserat,
402 1582 507 1636 nudam
515 1591 597 1653 atque
611 1599 724 1636 manem
733 1581 911 1654 reliquerunt
940 1550 998 1637 Hic
1009 1599 1072 1655 ego,
1082 1598 1128 1634 ve-

171 1653 288 1708 hemens
302 1655 349 1708 ille
362 1657 461 1710 consui
464 1675 526 1725 ,qur
519 1657 626 1709 verbo
640 1657 715 1709 cives
729 1657 758 1709 in
773 1657 936 1710 exsilium
911 1675 1003 1727 eJrcro
1012 1655 1127 1728 quaesivi

172 1744 189 1782 a
209 1727 344 1796 Catilina
358 1747 394 1784 an
416 1739 555 1784 nocturno·
573 1739 714 1782 conventu
734 1729 807 1801 apud
828 1728 868 1781 M.
884 1727 997 1784 Laecam
1019 1732 1127 1800 suisset,

170 1819 269 1860 necne.
310 1801 386 1860 Cium
401 1805 457 1874 ille,
466 1805 551 1860 homo
566 1803 778 1873 audacissimus,
786 1803 960 1860 conscientiis
971 1805 1127 1876 convictus,

169 1877 260 1954 primb
282 1879 449 1951 reticuisset,
463 1880 586 1970 patefeci
605 1890 713 1936 cetera.
753 1879 835 1940 Quid
856 1879 890 1935 ei
909 1890 994 1936 nocte
1010 1882 1127 1956 egisset,

121 1957 156 2010 20
173 1954 235 2029 [ubi
249 1957 370 2042 suisset,]
385 1927 494 2028 quidm
509 1957 664 2028 proximam
678 1956 870 2012 constituisset
871 1957 1127 2028 ,quemadmodum

170 2041 244 2085 esset
257 2031 284 2086 ei
298 2031 368 2086 ratio
383 2031 468 2086 totius
481 2031 546 2085 belii
560 2031 709 2104 descripta,
723 2031 832 2086 edocui.
887 2029 962 2088 cum
976 2033 1126 2104 hesitaret,

171 2102 238 2162 ιιιιιι
251 2116 409 2174 teneretur,
423 2106 547 2178 quaesivi,
556 2107 622 2178 quid
636 2105 819 2164 dubitaret
789 2126 824 2164 eo
834 2109 984 2202 prqiicisci‚
990 2105 1067 2182 qud
1057 2126 1127 2202 Jam-

170 2182 278 2257 pridem
293 2182 424 2278 pertram
447 2179 514 2238 crim
534 2201 619 2252 arma,
638 2181 705 2240 ciam
719 2202 843 2255 secures,
857 2181 924 2242 crim
943 2186 1042 2256 fasces,
1060 2183 1127 2243 cirm

170 2257 656 2335 tubas,cumsrgnam1htanacum
670 2260 791 2334 aquilam
805 2262 881 2318 illam
894 2273 1065 2358 argenteam,
1079 2264 1126 2320 cui

121 2337 156 2390 25
171 2336 217 2392 ille
232 2338 316 2392 etiarn
330 2338 483 2393 sacrarium
504 2338 641 2394 scelerum
662 2339 738 2394 domi
751 2357 810 2394 suae
824 2339 939 2410 fecerat,
948 2340 1049 2396 scirent
1064 2359 1127 2396 esse

170 2413 349 2499 praemissam.
387 2411 423 2468 In
431 2415 561 2470 exsrlrum
570 2415 728 2488 eJrcrebam
736 2433 819 2486 quem
831 2433 889 2487 Jam
899 2433 1055 2488 ingressum
1064 2435 1127 2472 esse

170 2489 201 2544 in
215 2488 319 2544 bellum
333 2489 481 2546 videbami
521 2490 634 2547 Etenim
649 2489 761 2566 (credo)
776 2489 901 2546 Manlius
922 2491 973 2545 iste
987 2491 1135 2560 centurio:

167 2553 218 2636 qui
227 2565 257 2620 in
268 2583 334 2640 agro
343 2566 484 2624 Fesulano
492 2579 583 2624 castra
592 2567 694 2644 posuit,
703 2565 808 2622 bellum
821 2567 923 2641 populo
933 2565 1065 2622 Romano
1075 2585 1128 2623 suo

170 2641 284 2698 nomine
299 2643 415 2700 indixit:
430 2653 459 2700 et
472 2645 519 2700 illa
533 2657 623 2702 castra
637 2663 715 2701 nunc
729 2662 786 2700 non
800 2644 951 2700 Catilinam
966 2643 1068 2698 ducem
1081 2661 1128 2699 ex·

121 2721 157 2772 30
171 2730 313 2808 spectant:
338 2733 367 2776 et
380 2721 427 2778 ille
430 2722 559 2794 ,ejectus
573 2723 602 2778 in
616 2723 756 2792 exsilium,
770 2741 800 2778 se
814 2720 978 2791 Massiliam,
994 2729 1025 2774 ut
1039 2720 1127 2790 aiunt,

171 2812 227 2851 non
242 2797 271 2850 in
282 2797 344 2851 haec
357 2808 457 2863 castra,
471 2798 602 2850 conseret.

101 2860 136 2941 qi
209 2863 278 2924 VII.
300 2868 328 2922 Ο
342 2869 535 2924 conditionem
549 2869 688 2937 miseram,
702 2885 760 2924 non
782 2865 866 2922 modd
889 2871 1127 2944 administrandae,

171 2941 269 3000 verbm
280 2944 364 2999 etiam
372 2944 577 3010 conservande,
586 2943 764 3015 rerpublrcael
806 2942 904 3014 Nunc,
913 2963 936 3000 ιι
929 2943 983 2999 L.
994 2945 1126 3019 Catilina,

172 3019 307 3090 consiliis,
316 3019 455 3076 laboribus
457 3017 605 3092 perrculrs
614 3037 693 3088 mers
700 3019 906 3074 circumclusus
914 3039 948 3076 ac
956 3021 1125 3094 debilitatus

124 3104 159 3156 35
173 3093 266 3152 subrto
276 3096 458 3170 pertimuerit
467 3093 635 3152 sententiam
645 3094 802 3163 mutaverit,
812 3095 968 3152 deseruerit
977 3116 1052 3167 suos
1061 3117 1127 3155 con·

173 3173 267 3230 silium
281 3172 346 3226 belli
362 3171 483 3225 faciendi
503 3169 646 3242 abjecerit,
660 3188 696 3225 en
709 3171 763 3225 hoc
777 3187 861 3224 cursu
881 3172 995 3228 sceleris
1008 3175 1036 3228 et
1049 3173 1125 3244 beili,

174 3249 226 3304 iter
248 3247 282 3301 ad
308 3246 402 3320 fugam
415 3245 540 3316 atquejn
554 3245 683 3300 exsilium
697 3245 878 3313 converterit3
897 3265 954 3304 non
975 3248 1022 3303 ille
1041 3266 1058 3302 a
1079 3267 1125 3305 me

174 3321 309 3395 spoliatus
318 3321 402 3380 armis
413 3321 548 3390 audacie,
556 3338 613 3377 non
623 3320 833 3393 obstupefactus
844 3339 877 3376 ac
886 3323 1046 3396 perterritus
1061 3325 1125 3382 mea

174 3396 329 3484 diligentiis,
342 3417 399 3454 non
413 3397 448 3453 de
471 3415 520 3470 spe
534 3407 689 3469 conatuque
711 3396 851 3469 depulsus,
865 3399 915 3466 sed
936 3399 1124 3472 indemnatus,

126 3471 183 3524 40
176 3489 322 3543 innocens,
331 3475 361 3528 in
371 3473 499 3530 exsilium
512 3473 618 3560 ejectus
632 3491 648 3528 a
661 3472 817 3530 consule
792 3490 819 3528 ιι
833 3482 861 3528 ιι
874 3474 967 3546 minis,
975 3493 1037 3530 esse
1051 3477 1125 3530 dice·

174 3558 240 3604 tur:
261 3558 290 3604 et
310 3558 393 3604 erunt
395 3549 463 3620 ,qui
481 3549 568 3618 ilium,
583 3567 607 3606 ιι
599 3547 675 3606 hoc
696 3548 803 3618 iecerit,
816 3567 873 3605 non
895 3550 1061 3628 improbum,
1075 3551 1124 3606 sed

120 3631 124 3637 '
175 3623 326 3691 miserum
347 3641 403 3692 me,
412 3641 469 3678 non
478 3625 729 3711 diligentissimum
742 3625 895 3691 consulem,
904 3624 953 3678 sed
968 3621 1125 3682 crudelissi-

146 3716 254 3756 mum
268 3710 428 3785 tyrannum,
441 3698 592 3755 existimari
606 3699 699 3754 velint.
739 3699 791 3755 Est
808 3697 877 3752 mihi
890 3697 970 3768 tanti,
983 3699 1148 3772 Quirites,

166 3773 260 3849 hujus
283 3773 395 3832 invidie
410 3772 485 3829 false
498 3783 580 3845 etque
600 3773 703 3846 inique
716 3781 908 3848 tempestatem
927 3744 1042 3845 subire,
1038 3745 1125 3832 dum·
