2516 4204
110 411 166 470 102
339 408 469 460 ORATIO
484 407 554 458 Pno
569 407 602 458 Τ.
619 405 733 457 ANNIO
747 403 896 456 ultores,

156 565 210 624 que
231 549 296 621 hoc,
307 549 429 626 judices,
449 567 506 608 non
521 550 585 606 siue
606 548 693 605 causi
707 547 791 604 etiam
805 546 880 604 lictis
900 544 1001 603 fabulis
1014 544 1116 603 doctis·

157 626 221 682 simi
243 627 372 684 homines
386 627 530 684 memoriae
548 626 751 700 prodiderunt;
773 643 848 694 eum,
861 624 910 697 qui
930 623 1019 698 patris
1032 623 1119 679 ulcis-

157 702 243 758 cendi
258 703 355 773 causd,
369 713 486 758 matrem
497 703 663 772 necavisset,
677 701 789 757 variatis
802 701 947 756 hominum
958 699 1117 770 sententiis,

157 797 216 835 nou
238 776 331 836 solum
348 779 454 848 divind,
476 779 624 834 sedetiam
646 777 860 850 sapientissime
874 775 954 846 Deae,
974 775 1118 832 sententib

124 854 315 914 bliberatum.
355 852 444 912 Quod
460 855 484 908 si
502 854 662 910 Duodecim
683 852 803 906 Tabulse
824 863 994 907 nocturnum
1016 852 1116 922 furem,

157 945 267 1002 quoquo
286 929 378 997 modo,
397 929 531 983 diurnum
551 939 656 996 autem,
675 927 699 982 si
720 945 751 982 se
772 927 828 982 telo
848 926 1013 995 defenderit,
1032 928 1119 983 inter·

156 1005 204 1061 fici
232 1001 349 1078 impune
371 1003 536 1070 volueruut3
563 1003 626 1075 quis
646 1012 699 1071 est,
726 1002 785 1075 qui,
807 1020 918 1075 quoquo
944 1003 1028 1059 modo
1053 1004 1118 1077 quis

157 1080 322 1140 interfectus
348 1080 393 1150 sit,
423 1079 601 1152 puniendum
631 1089 719 1153 putet,
750 1075 817 1134 clun
845 1078 939 1134 videat
966 1075 1139 1153 aliquando

157 1158 282 1231 gladium
304 1156 396 1226 nobis,
417 1156 452 1211 ud
475 1155 664 1212 occidendum
688 1155 842 1224 hominem,
864 1155 900 1211 ab
921 1155 990 1230 ipsis
1012 1157 1118 1232 porrigi

108 1247 142 1298 10
158 1234 184 1289 le
205 1230 287 1290 ibus't

184 1252 249 1364 gIV.
284 1308 383 1382 Atqui,
405 1309 429 1364 si
453 1319 564 1382 tempus
586 1318 630 1365 est
651 1309 740 1365 ullum
762 1309 825 1384 jure
847 1310 971 1368 hominis
995 1312 1118 1368 necandi

159 1385 234 1460 (quae
255 1383 446 1461 multisunt),
467 1383 544 1442 certe
559 1385 629 1441 illud
649 1397 692 1442 est
712 1405 770 1444 non
785 1384 869 1444 modb
887 1387 1005 1462 justum,
1018 1385 1119 1444 verum

157 1463 242 1519 etiam
260 1462 461 1531 necessarium,
475 1459 542 1518 oiim
560 1462 586 1518 vi
602 1463 642 1518 vis
654 1463 730 1520 illata
740 1463 908 1521 defenditur.
946 1463 1120 1522 Pudicitiam

159 1535 227 1596 olrm
240 1540 360 1614 eriperet
373 1538 456 1596 militi
470 1539 602 1596 tribunus
617 1537 773 1618 [militaris]
790 1541 818 1597 in
833 1541 958 1598 exercitu
972 1541 1006 1596 C.
1022 1539 1122 1612 Marii,

110 1628 144 1680 15
159 1618 330 1690 propinquus
345 1615 406 1690 ejus
427 1615 611 1690 imperatoris,
628 1617 793 1674 interfectus
808 1619 844 1673 ab
865 1636 899 1673 eo
919 1627 970 1686 est,
992 1618 1040 1673 cui
1061 1619 1123 1673 vim

160 1693 302 1748 afferebat.
343 1691 451 1748 Facere
465 1693 540 1748 enim
554 1693 657 1764 probus
670 1693 836 1748 adolescens
848 1689 1015 1764 periculose,
1030 1691 1125 1764 qutlm

196 1769 267 1842 rpeti
295 1769 423 1842 turpiter,
437 1769 541 1824 maluit.
583 1768 678 1840 Atque
692 1768 769 1823 hunc
790 1767 835 1823 ille
849 1767 890 1823 vir
904 1784 1041 1836 summus,
1054 1786 1128 1825 sce-

171 1863 220 1901 ere
232 1845 363 1915 solutum,
383 1845 509 1919 periculo
523 1845 659 1902 liberavit.
701 1843 864 1900 Insidiatcri
884 1839 951 1899 verb
971 1853 1001 1899 et
1012 1842 1122 1902 latroni

159 1941 222 1995 quae
236 1932 328 1996 potest
341 1921 438 1977 inferri
453 1922 557 1995 injusta
570 1923 649 1978 nexl

108 2009 144 2062 tto
198 1998 280 2056 Quid
301 1997 449 2052 comitatus
462 1999 560 2065 nostri,
582 1998 649 2068 quid
670 1998 768 2070 gladii,
784 1998 901 2054 volunt?
922 2017 993 2071 quos
1013 1998 1122 2055 habere

159 2069 237 2127 certe
256 2089 315 2126 non
330 2071 437 2138 liceret,
458 2071 537 2126 siuti
556 2071 611 2126 illis
624 2071 702 2127 nullo
721 2067 922 2145 pecto'lioeret.
964 2075 1016 2133 Est
1034 2076 1122 2150 igitur

159 2149 231 2218 haec,
247 2147 367 2222 judicer,
382 2165 441 2204 uon
462 2147 576 2221 scripta,
597 2148 648 2204 scd
670 2158 746 2218 nata,
760 2148 807 2205 lex
817 2169 824 2218 ;
843 2170 927 2224 quam
942 2168 1000 2210 nou
1019 2152 1124 2208 didici·

106 2289 109 2296 ,
159 2244 232 2296 mus,
249 2225 421 2299 accepimus,
436 2221 676 2300 legimuS,veri1m
697 2245 733 2284 ex
745 2227 848 2283 naturis
862 2229 923 2304 ipsu
942 2229 1122 2306 arripuimus,

109 2303 115 2334 '⁴
159 2303 314 2381 hausimus,
334 2301 523 2375 expressimus
534 2322 541 2370 ;
564 2303 697 2376 adquam
718 2322 777 2360 uon
792 2304 877 2376 docti,
899 2306 948 2362 sed
964 2306 1040 2376 facti,
1062 2323 1122 2361 non

109 2391 144 2447 25
160 2379 290 2446 instituti,
305 2378 355 2432 sed
377 2378 477 2434 imbuti
491 2396 606 2444 sumus;
627 2389 667 2445 ut,
683 2379 706 2433 si
728 2380 785 2434 vita
798 2391 893 2436 nostra
913 2382 942 2436 in
958 2383 1065 2454 aliquas
1079 2382 1126 2438 in·

160 2453 255 2523 sidins,
270 2453 293 2507 si
308 2452 337 2506 in
352 2452 417 2521 vim,
432 2452 456 2506 si
471 2453 501 2507 in
519 2451 575 2506 tela
589 2463 638 2507 aut
651 2452 791 2508 latronum
805 2465 853 2509 aut
873 2456 1062 2525 inimicorum,
1079 2459 1127 2514 in·

160 2529 285 2599 uidisset,
293 2521 385 2585 omni's
396 2529 516 2584 honesta
526 2527 598 2584 ratio
607 2539 682 2586 esset
692 2529 992 2602 expedienda-salutis.
1028 2531 1126 2590 Sileut

159 2607 237 2664 enim
257 2606 334 2682 leges
353 2606 428 2670 inter,
447 2623 542 2674 arma;
562 2623 617 2662 nec
638 2625 668 2662 se
687 2607 844 2680 exspectari
862 2608 973 2683 jubent,
994 2606 1061 2666 cum
1081 2611 1124 2681 ei,

160 2686 208 2760 qui
219 2695 381 2762 exspectare
391 2684 467 2756 velit,
477 2679 543 2740 ante
559 2683 664 2760 injusta
676 2702 761 2760 poena
773 2683 880 2742 luenda
890 2687 935 2759 sit,
949 2683 1034 2760 qulm
1044 2686 1125 2761 justu

110 2783 145 2837 30
160 2765 321 2840 repetenda.

200 2840 261 2895 Etsi
277 2847 477 2910 persapienter,
498 2847 526 2890 et
539 2837 745 2907 quodammodo
759 2837 857 2906 tacite,
878 2809 927 2894 dat
940 2842 1001 2912 ipsa
1013 2840 1059 2897 lex
1072 2859 1126 2916 po-

161 2924 289 2971 testatem
313 2910 501 2975 defendeudi;
520 2928 582 2981 quae
597 2928 654 2965 uon
675 2907 758 2964 modd
781 2911 925 2967 hominem
950 2917 1054 2985 occidi,
1069 2920 1124 2976 sed

161 3007 222 3046 esse
236 3005 301 3044 cum
309 2985 365 3044 telo
378 2985 500 3042 hominis
510 2985 661 3042 occidendi
673 2985 770 3056 causti,
785 2997 875 3056 vetat3
890 2999 930 3059 ut,
945 2986 1012 3046 clim
1023 3009 1124 3069 causa,

160 3085 220 3124 nou
233 3065 331 3136 telum,
345 3073 532 3140 quereretur;
553 3064 600 3137 qui
622 3063 666 3120 sui
681 3063 853 3120 defendendi
874 3067 961 3123 causi
975 3068 1032 3126 telo
1045 3085 1124 3132 esset

112 3156 147 3208 35
157 3163 240 3215 usus,
255 3162 312 3198 non
327 3141 450 3196 hominis
463 3141 615 3196 occidendi
631 3139 718 3196 causi
732 3141 865 3198 habuisse
879 3143 966 3200 telum
978 3146 1130 3221 judicare·

161 3233 215 3278 tur.
255 3218 434 3288 Quapropter
455 3216 508 3271 hoc
528 3227 640 3273 maneat
660 3218 802 3289 incausti,
820 3218 952 3294 judices:
973 3227 1122 3284 nonenim

162 3295 271 3363 dubito,
289 3293 358 3366 quin
374 3292 540 3366 probaturus
558 3293 611 3350 sim
625 3295 702 3362 vqbis
720 3295 914 3354 defensionem
932 3319 1035 3373 meam,
1054 3304 1076 3359 si
1091 3304 1122 3360 id

162 3371 356 3441 memineritis,
377 3369 451 3444 quod
472 3368 598 3439 oblivisci
619 3389 676 3428 nou
697 3374 824 3447 potesu's,
846 3375 1039 3436 insidiatorem
1057 3380 1123 3453 jure

164 3449 284 3508 interfici
298 3467 388 3524 posse.

114 3539 149 3592 40
204 3527 239 3583 V.
275 3527 407 3598 Sequitur
433 3524 512 3596 illud,
539 3525 613 3600 quod
635 3544 652 3581 a
675 3523 793 3586 Milonis
819 3531 943 3588 inimicis
966 3533 1121 3608 sepissime

166 3604 278 3672 dicitur,
291 3601 419 3670 Caedem,
433 3602 462 3656 in
472 3602 529 3676 quai
543 3602 573 3658 P.
590 3602 709 3661 Clodius
718 3606 830 3664 occisus
842 3618 894 3677 est,
908 3621 1035 3666 seuamm
1046 3609 1123 3683 judi-

166 3681 257 3750 ctsse,
271 3688 368 3734 contra
382 3679 581 3749 rempublicam
603 3698 665 3736 esre
681 3681 790 3738 factam.
831 3681 911 3739 Illam
926 3683 994 3742 verb
1007 3698 1123 3744 senatus

167 3776 225 3814 nou
245 3751 391 3814 sententiis
411 3752 471 3806 suis
491 3752 591 3824 solum,
612 3757 663 3812 sed
686 3758 772 3814 etiam
792 3757 901 3831 studiis,
922 3765 1123 3838 comprobavit,

167 3831 291 3895 Quoties
308 3829 386 3890 enim
399 3828 503 3885 catilla
521 3847 607 3888 causa
620 3851 638 3888 a
654 3833 738 3892 uobis
756 3844 819 3891 acta
832 3835 863 3892 iu
881 3839 996 3896 senatu
1016 3841 1123 3914 qubus
