2542 4212
144 359 186 418 ,82
405 351 739 408 caarroraoascn
756 308 949 402 narcisso.

184 494 193 508 ’·
232 477 367 574 ignosce,
382 483 508 570 ignosce,
522 493 666 572 cassas
680 494 741 568 ejus
754 493 806 550 uri
819 468 981 550 aunarius
1006 492 1159 552 rexnam

194 583 272 629 turus
284 573 478 645 cessit„quem
491 579 658 644 noso'mues
682 571 772 627 secuti
794 587 907 625 sumus:
926 569 958 626 in
980 580 1064 643 quern
1085 567 1156 628 oiim

194 648 244 706 Dii
260 643 342 724 itque
356 645 596 706 hominbs‘omnia'·
617 659 782 704 ornamenta
805 647 1022 720 congessissent,
1037 657 1098 702 tum
1110 658 1153 704 to

195 726 256 801 ipse
279 727 400 802 plurima
421 736 450 782 ct
474 726 603 781 maxima.
624 723 746 800 ⁴Neque
767 721 854 794 enim,
869 723 904 778 si·
916 733 971 797 tue
995 741 1040 778 res
1064 734 1153 798 gestae

162 803 522 862 secretorumlsudibus
545 802 745 866 'obscuritatem
772 799 934 870 attulerunt,
959 800 1078 855 idcirco*
1095 800 1151 870 Gn.

146 929 150 938 .
195 873 324 951 Pompeii
335 879 498 946 memoriam
510 871 663 944 amisimus.
703 877 852 936 Quantum
867 875 1043 949 nomenajus
1058 875 1152 947 luerit,

193 965 305 1027 quantae
318 971 395 1026 opes,
409 963 513 1026 quanta
526 953 556 1008 in
570 953 767 1024 omni'genere
780 953 923 1008 vbellorum
943 953 1040 1032 gloria,
1054 954 1152 1025 quanti

120 1040 128 1078 ³.
193 1030 313 1098 honores
326 1029 422 1104 populi
434 1029 569 1099 Romani,
579 1025 816 1102 quantisenatirs,
827 1025 985 1101 quantitui,
996 1029 1059 1102 quis
1071 1029 1152 1102 'iguo-

193 1107 254 1163 ratl
295 1103 390 1162 Tanto
399 1107 449 1176 ille
464 1106 621 1179 superiores
634 1106 740 1161 vicerat
745 1105 849 1180 glorii,
860 1106 963 1178 quanio
976 1116 1007 1180 tu
1020 1106 1151 1176 omnihus

145 1198 179 1249 10
193 1183 353 1256 prestitisti.
394 1181 500 1254 Itaque.
515 1182 569 1236 Cn.
585 1181 711 1254 Pompeii
728 1179 818 1260 belin,
828 1181 969 1258 victorias,
983 1181 1151 1256 triumphos,

193 1259 366 1328 consulatus,
381 1259 551 1314 admirantes
564 1258 798 1323 numerabamus;
820 1266 890 1312 tuos
905 1275 1070 1313 enumerare
1092 1276 1151 1313 non

192 1329 464 1406 P⁰St¹¹1¹¹¹¹⁸=⁹'
664 1391 673 1406 .
775 1349 913 1376 ·”’
1015 1349 1029 1402 ’.

180 1433 183 1437 ·
231 1409 266 1472 V,
308 1411 355 1466 Ad
368 1411 534 1486 eumigitur
547 1409 765 1480 rex'Deiotarns
778 1406 932 1482 venias-hoo
946 1412 1050 1469 misero
1064 1412 1153 1468 fatali-

154 1545 157 1554 ,
192 1497 246 1560 que
260 1485 344 1558 bello,
358 1505 441 1560 quem
455 1488 538 1550 antea
556 1488 640 1562 justis
661 1480 863 1561 hostilibrrsque
886 1473 968 1544 bellis‘
989 1489 1152 1562 adjuveram

144 1576 179 1628 15
193 1573 314 1636 quocum
328 1571 388 1628 erat
401 1583 458 1620 non
474 1565 595 1642 hospitio
607 1561 708 1636 solirm',
719 1563 828 1622 ,ierom
844 1565 929 1620 etiam
953 1563 1153 1634 familiaritate,
1174 1572 1177 1577 '

193 1641 377 1712 conjunctus;
398 1651 427 1695 et
440 1641 517 1706 venit
530 1640 573 1694 vel
588 1644 713 1712 rogatus,
727 1651 759 1696 ut
769 1641 896 1706 amicus3
918 1640 961 1694 vel
986 1641 1153 1711 arcessituS,

192 1725 223 1769 ut
236 1716 329 1770 socius
338 1734 345 1782 ;
367 1714 410 1770 vel
424 1725 567 1784 evocatus,
581 1725 612 1769 ut
632 1715 656 1769 is
678 1715 726 1786 qui
743 1715 853 1769 senatui
869 1731 966 1787 parere
984 1715 1153 1773 didicisset:

191 1787 335 1866 postremo
349 1791 435 1861 venit,
449 1791 529 1846 utad
543 1789 708 1866 fugientem,
723 1809 782 1847 non
795 1789 827 1846 ut¹
839 1790 875 1845 ad
886 1814 889 1822 ·
899 1788 1105 1862 insequentem,
1119 1792 1153 1848 id

167 1923 170 1930 ,
193 1869 294 1939 θεῖ,ιά
312 1868 442 1943 periculi,
453 1887 511 1924 non
526 1867 561 1922 ad
583 1867 717 1938 victoriae,
728 1867 898 1923 societatem.
938 1863 1047 1938 ltaque,
1062 1866 1153 1923 Phars-

142 1943 178 1998 20
193 1945 281 2000 salico
293 1946 391 2017 proelio
405 1945 488 2012 facto,
500 1963 516 1999 a
531 1944 665 2018 Pompeio
679 1944 824 2000 discessit:
846 1961 923 2016 spem
937 1942 1074 1998 infinitam
1087 1961 1153 2016 per·

193 2020 272 2089 sequi
286 2020 391 2074 noluit:
413 2019 456 2072 vel
470 2019 573 2086 officio,
588 2019 690 2089 siquid
705 2020 850 2091 debuerat,
865 2019 909 2082 vel
928 2019 1027 2089 errori,
1038 2019 1066 2074 si·
1079 2019 1151 2091 quid

191 2093 342 2164 nescierat,
354 2093 527 2148 satisfactum
543 2111 605 2148 esse
619 2093 714 2149 duxit:
736 2094 850 2149 domurn
865 2112 895 2149 se
910 2095 1044 2151 contulit:
1063 2105 1151 2168 teque

149 2223 151 2228 .
191 2163 418 2226 Alexandrinum
433 2169 536 2226 belluni
550 2169 676 2245 gerente,
690 2169 858 2228 utilitatibus
876 2170 933 2226 tuis
954 2172 1054 2246 paruit.
1094 2171 1150 2228 Ille

191 2248 346 2303 exercitum
360 2247 415 2304 On.
430 2246 558 2318 Domitii,
572 2244 735 2324 amplissimi
756 2247 817 2318 viri,
832 2247 901 2312 suis-
911 2249 992 2304 tectis
1013 2259 1041 2305 et
1058 2249 1149 2322 copiis

140 2324 177 2377 25
191 2325 372 2380 sustentavit:
390 2325 441 2380 ille
454 2325 610 2404 ,Epheson-a
629 2326 664 2380 ad
678 2335 754 2396 eum,
768 2344 852 2398 quem
873 2337 905 2381 tu
918 2343 954 2380 ox
966 2325 1022 2382 tuls
1043 2325 1150 2381 fidelis·

190 2400 293 2455 simum
307 2409 335 2454 et
348 2400 574 2472 probatissimum
587 2401 719 2456 omnibus
733 2402 872 2474 delegisti,
886 2401 1036 2473 peou'niam
1054 2401 1148 2457 misit:

188 2475 236 2531 ille
250 2475 361 2545 iterum,
373 2471 523 2545 illetertid,
534 2475 713 2532 auctionibus
728 2473 819 2546 factis,
829 2475 980 2548 pecuniam
990 2475 1076 2545 dedit,
1090 2477 1149 2549 qud

138 2573 143 2580 ¹
189 2552 225 2607 ad
239 2551 343 2608 bellum
357 2553 491 2608 utereris:
511 2551 558 2608 ille
569 2571 672 2627 corpus
685 2571 769 2608 suum
781 2551 907 2627 periculo
917 2550 1030 2626 objecit,
1041 2561 1149 2616 tecum-

189 2630 288 2704 quein
312 2630 374 2687 acie
396 2640 494 2688 contra
514 2629 690 2687 Pharnacem
711 2631 779 2700 futu·
799 2641 934 2704 tuumque
956 2629 1063 2684 hostem
1084 2647 1148 2684 esse

139 2709 175 2762 30
190 2707 270 2764 duxit
283 2718 373 2764 suum
413 2707 490 2768 Quas
503 2708 616 2781 quidem
631 2727 648 2764 a
662 2719 690 2764 te
703 2709 733 2764 in
748 2726 810 2764 eam
824 2718 931 2780 partem
942 2715 1056 2778 accepta
1070 2714 1147 2776 sunt,

188 2783 243 2840 Gai
257 2784 363 2851 Caesar,
377 2795 409 2838 ut
422 2802 488 2838 cum
502 2784 676 2858 amplissimo
696 2785 772 2852 regis
792 2784 898 2836 honore
911 2792 939 2836 et
953 2781 1068 2838 nomine
1081 2779 1148 2835 affe·

188 2877 262 2984 celas
263 2899 364 3004 igitur,
379 2947 436 2985 non
449 2927 534 3001 modd
548 2949 565 2984 a
578 2940 605 2984 te
619 2931 745 3004 periculo
764 2929 908 2999 liberatus,
922 2925 970 2984 sed
992 2932 1077 2986 etiam
1097 2935 1147 2990 ho-

187 3024 265 3063 nore*
278 3005 451 3082 amplissimo
468 3017 592 3076 ornatus,
607 3006 732 3080 arguitur
753 3005 829 3061 dorni
853 3015 881 3060 te
901 3021 960 3060 suoe
985 3004 1148 3066 interficere

115 3085 119 3094 '
136 3091 173 3144 35
188 3084 324 3150 voluisse:
344 3083 418 3156 quo'd
432 3093 473 3152 tu,
487 3083 543 3138 nisi
558 3101 622 3138 eum
637 3081 851 3138 firriosissimum
870 3081 991 3154 judicas,
1005 3081 1146 3154 suspicari

187 3158 313 3236 prolecto
328 3177 386 3213 non
400 3169 487 3229 potes.
529 3158 567 3214 Ut
587 3159 663 3214 enim
675 3158 821 3227 omittam,
835 3157 917 3230 cujus
936 3155 1006 3212 tanti
1029 3158 1146 3217 sceleris

188 3237 281 3304 firerit,
296 3235 326 3288 in
340 3243 493 3306 conspectu
507 3232 631 3288 Deorum
644 3234 788 3309 penatium
803 3251 906 3289 necare
920 3233 1074 3308 hospitsm3
1096 3253 1144 3292 cu·

184 3309 230 3385 jus
244 3321 330 3368 tantae
344 3309 572 3385 importunitatis,
586 3310 713 3365 omnium
733 3309 860 3384 gentium
881 3321 963 3384 atque
976 3311 1069 3368 omnis
1086 3331 1143 3368 me·

186 3388 282 3444 moriae
290 3389 476 3446 clarissimum
486 3386 583 3442 lumen
591 3387 770 3461 exstinguere
779 3408 785 3456 ;
796 3387 878 3462 cujus
888 3398 973 3445 tante
982 3387 1140 3458 ferocitatis,

137 3470 172 3524 to
186 3464 320 3522 rictorem
334 3466 412 3522 orbis
432 3475 568 3520 terrarum
586 3483 645 3520 non
660 3465 861 3534 extimescere;
882 3465 962 3538 cujus
983 3475 1040 3521 tam
1062 3465 1142 3522 inhu-

186 3543 263 3598 mani
288 3553 317 3599 et
331 3542 432 3616 ingrati
454 3542 551 3612 animi,
565 3561 583 3598 a
603 3561 659 3616 quo
677 3560 727 3598 rex
747 3542 900 3616 appellatus
910 3552 993 3612 essct,
1008 3542 1037 3597 in
1048 3559 1081 3596 eo
1101 3551 1142 3613 ty·

186 3637 307 3675 rannum
323 3618 462 3674 inveniri:
483 3629 514 3674 ut
532 3620 594 3675 haec
614 3620 750 3688 omittam,
760 3619 844 3692 'cujus
867 3619 937 3674 tanti
957 3618 1060 3674 suroris·
1077 3615 1139 3687 fuit,
1199 3677 1204 3686 ,

186 3713 286 3753 omnes
300 3703 390 3767 reges,
403 3710 522 3764 quorum
537 3695 615 3752 multi
629 3706 710 3751 erant
728 3694 849 3763 finitimi,
862 3713 960 3750 omnes
978 3694 1081 3749 liberos
1094 3710 1141 3766 po-

186 3771 276 3848 pulos,
288 3788 388 3830 omncs
409 3768 509 3840 socios,
522 3789 621 3829 omnes
641 3771 809 3845 provincias,
822 3771 917 3826 omnia
939 3769 1061 3843 denique
1083 3785 1141 3825 cm·
