2516 4204
246 361 249 368 ,
309 309 445 360 onnrro
460 308 530 358 sno
546 307 577 358 r.
594 307 707 358 nuruo
722 309 870 398 urponr.
1066 319 1120 376 m

110 455 259 514 nataret.
298 450 381 508 Multi
394 451 480 506 etiam
502 449 656 506 Catilinam
676 461 758 524 atque
771 451 820 508 illa
838 461 966 525 portenta
978 451 1074 527 loque·

109 535 231 590 bantur:
253 529 406 602 Erumpet;
426 527 579 601 occupabit
592 527 713 600 aliquem
725 527 835 596 looum;
857 527 960 584 bellum
974 531 1072 604 patrio

110 611 205 666 faciet.
246 606 364 662 Miseros
374 605 516 662 interdum
527 604 614 674 cives,
623 601 729 678 optirnd
740 605 777 660 de
788 605 932 678 repobtiet
943 607 1070 664 meritosl

110 687 143 742 in
157 685 258 760 quibus
272 683 401 740 homines
419 699 477 738 nou
490 677 576 737 modd
590 699 635 736 res
655 681 884 754 praeclarissimas
903 682 1072 740 obliviscun-

109 773 164 834 tur,
178 762 328 820 sedetiam
342 758 464 816 nefarias
477 758 668 832 suspicantur.
709 755 787 832 Ergo
800 757 848 814 illa
861 758 929 814 salsa
943 759 1071 818 suerunt:
1087 766 1106 818 5

110 859 172 914 que
186 836 265 896 certe
287 856 353 894 vera
373 835 554 905 exstitissent,
569 834 594 890 si
608 833 681 890 Milo
694 834 853 890 admisisset
870 835 986 910 aliquid,
1000 837 1073 909 prod

111 935 171 972 non
183 926 280 990 posset
291 909 409 970 honestd
424 910 545 985 verdque
560 911 720 980 defendere.

153 991 268 1047 XXIV.
307 989 407 1050 Quidl
426 1007 488 1062 quse
508 999 606 1062 postea
627 999 693 1044 sunt
713 988 743 1044 in
757 1006 823 1044 eum
836 999 980 1063 congesta,
995 989 1072 1066 (que

113 1069 251 1144 quemvis,
261 1068 345 1124 etiam
359 1066 546 1123 mediocrium
559 1064 727 1122 delictorum
740 1065 927 1136 couscientid,
939 1067 1073 1140 perculis·

113 1145 190 1222 sent)
224 1156 256 1201 ut
288 1143 442 1200 sustinuit!
484 1141 533 1198 Dii
566 1141 757 1198 immortales!
792 1141 946 1198 sustinuit?
987 1143 1073 1202 immo
1089 1149 1123 1202 1⁰

111 1220 189 1293 verd,
203 1233 235 1278 ut
249 1220 430 1296 contempsit,
444 1238 478 1276 ac
491 1237 543 1294 pro
564 1217 654 1274 nihilo
673 1219 795 1292 putarit!
816 1237 878 1292 qun
891 1237 983 1292 neque
997 1239 1073 1276 max·

111 1300 169 1357 imo
193 1300 289 1355 animo
312 1316 431 1368 nocens,
455 1314 548 1369 neque
576 1295 724 1364 innocens,
747 1295 802 1352 nisi
827 1296 995 1352 fortissimus
1021 1297 1071 1368 vir,

78 1383 80 1388 '
111 1376 256 1451 negligere
276 1375 422 1450 potuisset
464 1373 627 1442 Scotorum,
641 1371 808 1446 gladiorum,
830 1371 990 1444 frenorum,
1011 1392 1073 1448 spa·

111 1471 218 1522 rorum,
228 1453 404 1526 pilorumque
418 1451 514 1520 etiarn,
525 1448 676 1506 multitudo
686 1449 858 1524 deprehendi
869 1469 952 1522 posse
967 1451 1074 1506 iudica·

112 1529 206 1584 batur.
246 1527 365 1586 Nullum
388 1528 418 1579 in
444 1525 522 1580 Urbe
543 1526 648 1588 sinum,
671 1525 782 1580 nullum
804 1525 991 1596 angiportum,
1012 1543 1074 1584 otte
1090 1533 1124 1584 15

112 1601 260 1668 dicebant,
273 1599 302 1654 in
316 1615 372 1670 quo
386 1595 488 1652 Miloni
502 1614 561 1652 uon
574 1605 648 1652 esset
661 1595 804 1652 conducta
816 1595 931 1652 domus:
953 1615 1030 1654 arma
1044 1601 1074 1656 in

10 1681 12 1690 ’
111 1677 207 1734 villam
226 1674 426 1731 Ocriculanam
448 1674 565 1729 devecta
578 1671 696 1728 Tiberi:
719 1673 834 1728 domurn
854 1673 884 1728 in
906 1672 978 1730 clivo
990 1675 1074 1750 Capi·

10 1749 12 1788 ;
111 1755 201 1812 telino
224 1752 313 1809 scutis
336 1751 482 1808 relertern:
504 1749 589 1824 plena
611 1749 707 1806 omnia
727 1749 917 1806 malleolorum
933 1752 969 1808 ad
989 1751 1074 1810 Urbis

10 1834 13 1845 '
113 1830 251 1886 incendia
263 1839 494 1901 comparatorum.
536 1826 609 1882 Haec
626 1845 683 1884 non
706 1826 799 1882 delata
819 1823 921 1898 solum,
935 1829 985 1884 sed
998 1829 1073 1902 perid

10 1913 12 1922 '
113 1907 240 1974 credita;
261 1923 316 1961 nec
330 1900 396 1960 anre
410 1903 556 1978 repudiata
568 1914 643 1974 suut,
654 1901 740 1978 qudrn
753 1903 878 1976 quesita
1089 1913 1125 1968 20

153 1983 320 2040 Laudabam
331 1981 460 2055 equidem
471 1981 668 2038 incredibilem
679 1981 855 2056 diligentiam
866 1981 920 2039 Cn.
932 1981 1073 2058 Pompeii:

110 2061 162 2118 sed
177 2061 280 2131 dicam,
292 2069 323 2116 ut
336 2059 436 2130 sentio,
447 2058 567 2133 judices.
609 2057 705 2114 Nimis
718 2057 805 2115 multa
816 2059 913 2116 sudire
924 2072 1073 2136 coguntur,

111 2157 204 2212 neque
219 2138 298 2194 aliter
313 2137 406 2194 lacere
418 2147 547 2212 possunt,
561 2136 593 2207 ii,
606 2136 709 2209 quibus
729 2147 787 2194 tota
800 2138 950 2194 commisse
962 2151 1005 2194 est
1018 2159 1075 2196 res·

111 2215 242 2290 publica3
263 2215 433 2288 quinetiam
454 2212 709 2270 audiendusfuerit
728 2233 801 2288 popa
822 2213 962 2284 Licinius,
977 2216 1075 2274 nescio

113 2294 186 2366 quis,
208 2293 243 2346 de
265 2291 369 2347 Circo:
390 2309 485 2348 servos
506 2289 633 2360 Milonis,
647 2291 721 2365 apud
742 2309 773 2348 se
792 2289 887 2352 ,ebrios
908 2289 1006 2362 factos,
1020 2291 1074 2348 sibi
1089 2299 1125 2356 25

114 2369 258 2426 confessos
271 2386 343 2439 esse,
357 2387 387 2425 se
401 2368 437 2426 de
452 2367 649 2426 interficiendo
669 2368 723 2426 Cn.
739 2368 874 2444 Pompeio
895 2369 1074 2444 conjurasse:

112 2446 217 2504 deinde
237 2457 334 2520 postea
348 2465 378 2504 re
399 2445 493 2522 gladio
513 2465 680 2521 percussum
701 2465 763 2504 esse
777 2447 812 2504 nb
834 2465 891 2506 uno
908 2447 944 2504 de
959 2447 1025 2518 illis,
1038 2467 1075 2508 ne

111 2523 259 2580 indicaret.
294 2523 428 2596 Pompeio
438 2523 469 2580 in
480 2524 577 2582 hortos
588 2524 735 2580 nuntiavit.
770 2525 905 2583 Aroessor
920 2525 1074 2598 inprimis:

111 2599 149 2654 de
164 2599 321 2654 amicorum
343 2600 494 2666 sententia,
508 2617 568 2654 rem
585 2599 677 2655 defert
690 2601 725 2656 ad
738 2612 876 2658 senatum·
918 2599 984 2656 Non
999 2613 1075 2674 pote·

111 2693 185 2744 ram,
200 2675 231 2730 in
246 2673 324 2728 illius
338 2673 395 2727 mei
415 2673 567 2746 patriaeque
589 2675 711 2730 custodis
730 2677 808 2734 tentd
830 2676 1001 2749 suspicione,
1016 2696 1073 2733 uon
1089 2685 1125 2743 35

110 2763 192 2810 metu
206 2749 382 2806 exanimari:
403 2748 453 2804 sed
475 2748 595 2806 mirabar
613 2760 717 2823 tamen,
731 2753 807 2809 credi
821 2769 916 2826 popar3
940 2749 1075 2827 [ebrioso-

110 2828 191 2904 rum]
208 2825 415 2882 oonfessionem
430 2843 571 2882 servorum
595 2828 701 2896 audiri;
722 2829 825 2884 vulnus
843 2830 873 2886 in
891 2829 988 2899 latere,
1000 2831 1074 2904 quod

111 2923 167 2962 acu
182 2914 321 2980 punctum
334 2902 484 2972 videretur,
495 2922 545 2976 pro
558 2903 622 2960 iotu'
630 2905 793 2978 gladiatoris
805 2906 925 2980 probari.
965 2903 1074 2966 Verirm

110 2981 156 3058 (ut
177 2979 322 3055 intelligo)
344 2980 462 3038 carebat
482 2980 573 3054 magis
593 2981 757 3055 Pompeius,
771 2981 856 3054 quam
876 2983 1003 3054 timebat,
1016 3003 1073 3044 nou

110 3077 144 3115 ea
156 3056 261 3128 soliun,
275 3075 339 3130 quas
360 3056 487 3112 timenda
500 3068 591 3127 erant,
605 3058 655 3114 sed
666 3059 785 3114 omnino
798 3058 904 3126 omnia,
917 3077 954 3114 ne
969 3061 1073 3132 aliquid
1089 3071 1124 3128 ao

109 3153 157 3192 vos
177 3134 326 3194 timeretis.
368 3131 541 3207 Oppugnata
561 3133 662 3190 domus
683 3134 717 3190 C.
732 3133 863 3203 caesaris,
877 3133 1025 3194 clarissimi
1045 3147 1075 3192 et

109 3213 253 3268 fortissimi
272 3211 335 3280 viri,
350 3228 401 3284 per
415 3209 517 3266 multas
537 3211 629 3268 noctis
643 3211 727 3267 horse
748 3210 939 3271 nuntiabatur.
981 3209 1075 3272 Nemo

110 3287 240 3342 audierat
253 3297 311 3342 tem
325 3287 429 3343 celebri
443 3285 517 3357 loco,
528 3306 613 3343 nemo
626 3297 769 3344 senserat:
790 3297 885 3344 tamen
899 3289 1074 3348 audiebatur.

109 3361 180 3419 Nou
201 3373 329 3436 poteram
348 3362 403 3420 Cu.
418 3363 593 3438 Pompeium,
607 3362 840 3437 prestantissima
860 3363 1074 3439 virtutemne,

107 3439 244 3496 timidum
258 3438 410 3512 suspicari:
430 3441 617 3514 diligentiam,
631 3439 690 3495 totd
711 3438 857 3512 republicd
878 3441 1020 3514 suseeptt,
1034 3444 1076 3504 ni·
1090 3452 1126 3508 40

106 3517 198 3574 mium
222 3515 329 3571 nullam
353 3517 493 3590 putabam.
534 3515 775 3588 Frequentissimo
801 3525 900 3573 senatu
928 3536 1018 3592 nuper
1045 3521 1075 3575 in

106 3592 266 3668 Capitolio,
280 3602 391 3649 senator
410 3594 541 3650 inventus
563 3603 616 3662 est,
629 3591 677 3662 qui
699 3589 839 3649 Milonem
852 3612 919 3654 cum
942 3595 999 3652 telo
1013 3613 1076 3656 esse

107 3672 226 3730 diecret.
270 3667 396 3726 Nudavit
421 3689 453 3726 se
481 3671 509 3725 in
531 3667 711 3724 sanctissimo
730 3669 845 3742 templo,
865 3671 999 3743 quoniam
1019 3669 1076 3720 vita

106 3749 169 3805 talis
183 3758 214 3804 et
228 3745 312 3815 civis,
327 3755 356 3804 et
368 3747 430 3817 riri,
443 3746 530 3804 fidem
543 3762 602 3802 non
616 3742 747 3822 faciebat,
760 3744 826 3815 nisi,
840 3763 875 3801 eo
892 3750 1017 3801 tecente,
1029 3751 1075 3788 10⁵

107 3824 167 3901 ipsa
180 3825 353 3900 loqueretur.
926 3881 929 3887 ,
1091 3815 1128 3874 dd
