2542 4212
388 283 512 336 onemo
528 283 594 334 PRO
610 281 699 334 LEGE
715 283 877 336 ulmum.
1122 281 1161 342 56

147 427 264 503 magnis
287 425 375 501 copiis
394 427 574 483 minitantem
595 426 682 498 Asiae,
703 425 861 484 retardavit.
900 423 939 482 Et
960 423 1109 500 quisquam

148 500 301 574 dubitabit,
315 504 382 578 quid
397 503 499 560 virtute
512 503 687 578 perfecturus
698 504 743 575 sit,
756 503 805 578 qui
820 513 928 559 tanturn
942 501 1109 558 auctoritate

148 581 321 655 perfeceritl
342 591 391 636 aut
403 577 490 654 quim
504 577 587 636 facile
602 581 720 654 imperio
733 591 817 653 atque
830 579 957 636 exercitu
972 578 1065 636 socios
1078 587 1108 634 et

149 658 298 732 vectigalia
318 668 536 714 conservaturus
556 657 602 728 sit,
615 658 663 730 qui
682 657 743 732 ipso
756 657 871 714 nornine
884 674 919 712 ac
936 673 1047 713 rumore
1059 655 1107 711 de

147 735 289 791 senderitl
1137 737 1156 788 ⁵

186 811 271 868 XVI.
307 813 373 886 Age
386 808 462 882 verit,
473 809 522 867 illa
535 829 583 867 res
596 821 729 884 quantam
744 810 869 866 declarat
881 809 1008 884 ejusdem
1019 808 1107 864 homi·

147 890 195 944 nis
207 889 283 962 apud
302 889 396 944 bostes
411 887 506 962 populi
525 887 651 944 Romani
670 887 873 956 auctoritatem,
891 882 968 960 qubd
981 903 1018 940 ex
1035 885 1106 942 locis

149 976 209 1021 tam
228 965 393 1039 longinquis,
415 975 526 1039 tamque
540 965 667 1034 dirersis,
688 974 745 1020 tem
760 963 836 1020 brevi
850 973 985 1036 tompore,
1005 979 1104 1018 omnes

149 1042 201 1097 uni
224 1041 291 1098 huic
310 1061 342 1098 se
361 1042 553 1098 dedideruntl
572 1039 650 1115 qudd
670 1039 852 1096 Cretensium
871 1039 966 1113 legati,
987 1056 1054 1094 cum
1075 1038 1103 1094 in

148 1137 242 1175 eorum
264 1119 357 1174 insulsi
382 1129 476 1176 noster
502 1119 650 1192 imperator
671 1117 867 1190 exercitusque
889 1114 1154 1186 esset,adCu.10

146 1194 314 1270 Pompeium
327 1196 358 1252 in
373 1195 484 1252 ultimas
496 1191 582 1270 prope
603 1205 692 1251 terras
706 1205 853 1263 venerunt,
867 1193 949 1266 eique
962 1210 993 1248 se
1005 1209 1104 1248 omnes

146 1272 327 1328 Cretensium
347 1273 477 1330 civitates
496 1273 600 1328 dedere
619 1271 690 1328 velle
710 1271 863 1328 dixeruntl
901 1269 1006 1330 Quidt
1027 1269 1103 1326 idem

145 1348 198 1406 iste
220 1348 409 1420 Mithridates,
425 1369 530 1420 nonne,
544 1351 580 1406 ad
590 1349 714 1406 eundem
724 1347 779 1405 Cn.
794 1347 969 1421 Pompeium,
979 1346 1101 1420 legatum

144 1444 232 1499 usque
246 1427 277 1482 in
291 1427 459 1501 Hispaniam
472 1428 565 1495 misit3
585 1444 707 1502 eumque
722 1424 872 1500 Pompeius
891 1424 1015 1498 legatum
1029 1441 1101 1480 sem·

145 1521 197 1575 per
209 1504 361 1576 judicavit:
383 1504 414 1574 ii,
432 1505 534 1577 quibus
543 1521 653 1580 semper
671 1513 732 1560 erat
745 1501 905 1572 molestum,
926 1501 1041 1556 adeum
1055 1517 1102 1574 po-
1120 1503 1153 1556 1⁵

146 1576 290 1636 tissimum
346 1581 499 1652 emissum,
513 1581 727 1656 qteculatorem,
738 1576 825 1653 quim
835 1578 969 1653 legatum,
980 1575 1101 1650 judicari

145 1656 305 1714 maluerunt
354 1657 474 1715 Potestis
492 1659 579 1734 igitur
595 1658 654 1734 jam
668 1657 850 1726 constituere,
867 1653 1005 1724 Quirites,
1027 1653 1101 1710 hanc

145 1735 350 1806 auctoritatem,
371 1735 467 1792 multis
486 1748 585 1812 postea
597 1737 682 1792 rebus
703 1735 799 1811 gestis,
820 1733 985 1808 magnisque
1003 1731 1102 1786 restris

145 1807 262 1882 judiciis
286 1812 493 1885 amplificatam,
516 1810 652 1886 quantum
672 1812 745 1886 apud
766 1811 828 1868 illos
851 1827 942 1882 reges,
965 1805 1101 1881 quantum

147 1886 222 1959 apud
236 1897 345 1944 exteras
359 1889 495 1958 nationes,
510 1889 656 1945 valituram
670 1907 732 1948 esse
745 1885 921 1946 existimetis,

184 1961 341 2037 Reliquum
359 1975 411 2036 est,
427 1976 457 2022 ut
476 1968 513 2023 de
531 1966 673 2037 felicitate,
694 1985 777 2039 quam
790 1975 921 2040 prestare
941 1964 977 2020 de
991 1981 1022 2020 se
1040 1961 1103 2037 ipso

144 2057 227 2096 nemo
236 2052 336 2115 potest,
351 2043 515 2100 meminisse
525 2055 555 2101 et
564 2061 787 2102 commemorare
800 2043 837 2100 de
847 2042 933 2100 altero
942 2056 1101 2117 possumus,

144 2116 216 2173 sicut
239 2137 351 2192 equum
372 2130 415 2176 est
436 2121 545 2178 homini
570 2121 606 2177 de
627 2131 763 2196 potestate
790 2119 926 2190 Deorum,
946 2114 1045 2176 timide
1073 2127 1101 2174 et

142 2212 234 2267 pauca
248 2197 386 2252 dicamus.
420 2196 484 2272 Ego
498 2198 578 2253 enim
588 2199 631 2254 sic
644 2199 791 2256 existimo:
805 2195 941 2266 Maximo,
956 2193 1101 2264 Marcello,

144 2269 283 2344 Scipioni,
297 2271 399 2343 Mario,
412 2285 441 2330 et
451 2275 562 2330 cae'teris
575 2276 686 2349 magnis
696 2273 921 2350 imperatoribus,
936 2290 994 2328 non
1009 2265 1101 2327 solum
1116 2271 1151 2324 25

143 2359 255 2422 propter
268 2349 408 2421 virtutem,
421 2351 471 2407 sed
485 2351 570 2408 etism
582 2363 693 2428 propter
705 2353 853 2423 fortunam,
867 2351 970 2426 sepius
983 2347 1100 2424 imperia

142 2427 283 2498 mandata,
303 2438 387 2502 atque
407 2429 552 2486 exercitus
567 2449 631 2486 esse
646 2430 820 2488 commissos.
861 2427 930 2486 Fuit
944 2427 1021 2484 enim
1039 2445 1101 2501 pro·

144 2501 219 2558 lecto
236 2505 405 2576 quibusdam
419 2507 538 2563 summis
558 2507 624 2564 viris
638 2507 766 2580 quasdam
787 2507 823 2564 ad
845 2505 1058 2580 amplitudinem
1071 2515 1100 2560 et

143 2577 275 2650 gloriam,
288 2591 318 2635 et
330 2583 366 2635 ad
378 2601 425 2636 res
437 2601 556 2656 magnas
568 2581 642 2638 bene
658 2584 806 2656 gerendas,
820 2583 954 2640 divinitus
968 2582 1100 2655 adjuncta

144 2654 274 2712 fortuna:
294 2655 332 2711 de
355 2655 439 2729 hujus
461 2669 556 2714 autem
580 2659 702 2715 hominis
723 2661 863 2730 felicitate,
884 2677 941 2732 quc
962 2658 998 2712 de
1022 2674 1099 2712 nunc
1114 2659 1149 2712 3⁰

142 2732 265 2805 egimus,
281 2733 336 2788 hac
350 2741 412 2789 utar
425 2733 615 2792 moderatione
628 2735 750 2809 dicendi,
765 2757 821 2796 non
832 2747 864 2794 ut
878 2737 907 2792 in
922 2734 996 2791 illius
1009 2743 1101 2808 potes·

142 2819 201 2864 tate
221 2808 359 2866 fortunam
379 2811 499 2886 positam
520 2831 582 2870 esse
602 2813 705 2886 dicam,
727 2817 777 2871 sed
792 2825 823 2871 ut
842 2811 982 2890 preterita
1004 2809 1100 2868 memi-

141 2887 227 2957 nisse,
242 2886 348 2960 reliqua
357 2907 470 2963 sperare
481 2890 640 2960 videamur;
654 2911 692 2949 ne
703 2904 752 2949 aut
766 2892 856 2948 invisa
866 2891 930 2948 Diis
941 2887 1100 2946 immortali·

141 2964 193 3020 bus
206 2965 296 3022 oratio
309 2977 416 3040 nostra,
431 2977 479 3024 aut
494 2967 612 3042 ingrata,
626 2989 688 3025 esse
702 2970 838 3026 videatur.

179 3041 278 3116 Itaque
299 3061 357 3098 non
377 3059 441 3098 sum
460 3046 672 3118 predicaturus,
692 3045 833 3114 Quirites,
848 3051 966 3117 quantes
986 3042 1034 3096 ille
1054 3061 1099 3098 res
1113 3043 1148 3098 35

139 3118 214 3175 dorni
229 3119 404 3194 militiasque,
419 3121 493 3176 terri
504 3123 639 3197 marique,
652 3123 813 3196 quantique
824 3120 957 3180 felicitate
967 3117 1098 3194 gesserit:

140 3205 173 3248 ut
197 3197 259 3270 ejus
280 3215 391 3271 semper
413 3197 603 3256 voluntatibus
623 3219 681 3258 non
709 3195 793 3256 modo
818 3199 895 3256 cives
918 3194 1100 3266 assenserint,

143 3271 216 3325 socii
234 3273 461 3347 obtemperarint,
483 3276 578 3332 hostes
590 3276 760 3345 obedierint,
780 3275 929 3332 sedetiam
943 3273 1018 3328 venti
1032 3283 1100 3330 tem-

141 3356 319 3420 pestatesque
340 3351 569 3409 obsecundririut.
611 3353 676 3410 Hoc
698 3349 865 3410 brevissime
886 3351 989 3419 dicam,
1012 3350 1100 3406 nemi·

140 3441 209 3478 nem
225 3441 348 3496 unquam
361 3435 418 3480 tam
438 3428 630 3503 impudentem
645 3431 741 3499 fuisse,
761 3428 809 3500 qui
830 3446 847 3482 a
860 3426 924 3483 Diis
938 3426 1100 3484 immortali·
1114 3425 1150 3478 to

140 3501 194 3556 bus
208 3511 252 3557 tot
272 3511 301 3556 et
315 3512 408 3560 tantas
427 3521 471 3560 res
485 3507 588 3564 tacitus
601 3507 718 3562 auderet
737 3515 842 3578 optare,
856 3515 922 3580 quot
941 3515 970 3562 et
983 3511 1100 3578 quantas

139 3575 189 3634 Dii
205 3579 376 3636 immortales
397 3581 432 3638 nd
446 3581 500 3640 Cn.
515 3583 682 3658 Pompeium
704 3581 871 3640 detulerunt.
912 3582 1000 3644 Quod
1015 3590 1047 3634 ut
1060 3577 1100 3632 illi

137 3657 286 3732 proprium
302 3675 336 3715 ao
347 3671 517 3734 perpetuum
532 3661 578 3732 sit,
591 3657 732 3730 Quirites,
747 3656 814 3720 cbm
828 3658 987 3719 communis
1003 3651 1101 3708 salutis
