2542 4212
109 311 149 368 40
370 263 496 352 irino
513 301 559 350 iv.
578 299 619 348 ru
638 299 667 348 t.
684 299 891 350 cammunti.

159 446 303 502 habendos
312 455 389 518 puto.
423 443 528 500 Caeteri
542 438 609 497 verb
625 440 688 516 (Dii
703 439 905 516 immortalesl)
920 439 976 514 qui
992 441 1121 515 frequen·

157 523 209 591 tit,
223 541 279 594 quo
288 522 393 592 studio,
407 519 463 592 qud
476 521 587 587 virtute,
604 519 639 573 ad
654 536 835 574 communem
859 519 1026 590 dignitatern
1047 520 1120 576 salu·

158 609 272 673 temque
293 597 488 654 consentiunt!
529 593 610 653 Quid
625 613 680 668 ego
693 593 740 650 hic
753 595 860 667 equites
884 593 1030 650 Romanos
1044 615 1121 652 corn

158 676 331 732 memoreml
352 674 399 746 qui
414 673 491 728 vobis
505 672 543 726 ita
556 690 695 742 summam
713 672 821 727 ordinis
835 671 1004 744 consiliique
1016 691 1120 729 conce·

125 751 239 821 5duut,
261 762 293 806 ut
314 751 459 805 vobiscum
483 749 519 803 de
544 767 637 804 amore
650 749 813 822 reipublicae
838 759 964 816 certeut;
987 768 1065 822 quos,
1084 769 1120 806 ex

159 828 311 884 multorum
325 844 461 881 annorum
478 825 656 880 dissensione
678 826 713 880 ad
736 825 820 898 hujus
833 825 939 881 ordinis
953 827 1119 883 societatem

159 904 395 974 concordiamque
415 912 567 970 revocatos,
595 901 751 955 hodiernus
777 903 839 957 dies
860 903 1014 973 vobiscum,
1037 913 1119 978 atque

89 975 93 1036 f
160 979 222 1034 haec
235 997 331 1048 causa,
345 977 507 1050 conjungit3
525 977 609 1049 qbam
631 977 863 1050 conjunctionem
878 980 911 1049 si,
926 980 955 1034 in
970 983 1120 1038 consulatu

160 1055 353 1112 confirmatam
368 1073 440 1124 meo,
453 1055 617 1128 perpetuam
631 1053 661 1108 in
680 1054 826 1127 republicis
840 1058 1032 1125 tenuerimus;
1053 1078 1122 1114 con·

112 1143 145 1193 10
160 1131 240 1188 firmo
253 1133 340 1202 vobiS,
355 1133 464 1188 nullum
477 1131 594 1204 posthac
617 1131 724 1186 nralum
738 1132 821 1187 civile
835 1151 869 1188 ac
882 1133 1067 1190 domesticum
1082 1137 1119 1190 ad

160 1209 246 1264 ullam
260 1207 423 1281 reipublicae
437 1217 544 1282 partem
560 1226 625 1262 esse
635 1218 793 1264 venturum.
835 1209 899 1264 Pari
913 1212 1007 1268 studio
1025 1213 1121 1268 desen·

161 1285 261 1338 dendae
276 1283 437 1356 reipublicae
452 1284 619 1338 convenisse
633 1285 715 1339 video
729 1286 856 1341 tribunos
871 1289 991 1358 aerarios,
1006 1289 1121 1346 fortissi-

160 1379 222 1416 mos
236 1361 328 1427 vir0s;
349 1359 455 1415 scribas
469 1360 535 1415 item
551 1361 713 1429 universos;
733 1359 883 1434 quoscum
898 1383 966 1420 casu
981 1367 1043 1422 liaec
1058 1367 1120 1422 dies

161 1437 197 1492 ad
212 1437 341 1492 aerarium
365 1437 579 1510 frequentisset,
593 1437 687 1508 video,
703 1439 738 1494 ab
754 1442 964 1513 exspectatione
979 1444 1070 1512 sortis,
1084 1444 1121 1498 ad

112 1523 146 1576 15
162 1531 344 1570 communem
355 1513 473 1572 salutern
483 1533 709 1572 esseoonversos.
736 1515 840 1572 Omnis
848 1517 1035 1592 ingenuorum
1042 1522 1121 1576 adest

160 1592 321 1661 multitudo,
329 1592 415 1647 etiarn
426 1593 663 1647 tenuissimorum.
695 1593 772 1651 Quis
783 1605 826 1649 est
835 1595 922 1664 enirn,
931 1597 977 1650 uui
989 1615 1046 1652 non
1058 1599 1121 1653 hae'c

161 1657 278 1740 templa',
287 1669 438 1738 adspectus
452 1669 538 1734 urbis,
549 1668 692 1738 possessio
705 1668 849 1736 libertatis,
860 1669 909 1722 lux
922 1671 1046 1741 denique
1058 1676 1122 1730 baec

161 1744 231 1816 ipsa,
242 1753 270 1798 et
280 1744 334 1798 hoc
347 1760 496 1797 commune
510 1741 607 1814 patriae
618 1741 718 1812 solum,
729 1739 796 1797 cirin
810 1744 846 1798 sit
860 1761 967 1816 carum,
977 1755 1038 1802 tuin
1052 1748 1122 1804 verd

161 1819 245 1876 dulce
259 1830 342 1892 atque
353 1818 533 1892 jucunduml

111 1903 147 1957 20
201 1896 285 1952 VIII.
317 1894 419 1970 Operae
430 1895 551 1969 pretium
565 1906 618 1966 est,
630 1895 730 1953 Patres
742 1896 915 1971 Conscripti,
925 1899 1121 1959 libertinorum

162 1975 308 2030 hominurn
323 1973 417 2027 studia
430 1990 618 2045 cognoscere;
639 1974 696 2046 qui,
711 1975 811 2030 virtute
827 1976 878 2029 sud
893 1976 1042 2032 fortunam¹
1054 1981 1124 2036 civi·
1202 2002 1207 2012 ·

161 2051 227 2106 tetis
240 2047 397 2118 consecuti,
410 2049 484 2102 hanc
498 2043 563 2102 vere
576 2067 654 2103 suam
665 2051 782 2123 patriam
794 2069 855 2105 esse
867 2049 1015 2124 judicant;
1036 2075 1121 2128 quarn

161 2127 285 2200 quidam,
297 2126 366 2180 hinc
379 2125 448 2195 nati,
457 2135 485 2180 et
499 2143 609 2181 summo
618 2127 677 2182 nati
691 2127 763 2196 loco,
773 2127 830 2184 don
841 2128 959 2200 patriam
971 2150 1059 2202 suam,
1071 2134 1121 2188 sed

162 2204 260 2259 urbem
271 2203 403 2273 hostium,
412 2222 474 2258 esse
482 2203 688 2277 judicaverunt.
712 2204 769 2258 Sed
780 2205 847 2276 quid
858 2205 1043 2280 egoluijusse
1049 2210 1123 2272 egdi-

112 2289 147 2342 25
162 2281 207 2338 nis
220 2281 348 2337 homines
364 2299 593 2355 commemorem,
603 2281 799 2354 qucrprtvatae
816 2281 943 2352 fortunae,
964 2303 1033 2356 quos
1047 2305 1123 2342 com-

159 2359 258 2414 munis
277 2357 445 2431 respublica,
459 2355 667 2430 quosdamque
688 2357 803 2413 libertas
815 2365 862 2426 ea,
876 2377 938 2430 quae
959 2362 1123 2418 dulcissima

163 2445 214 2504 est,
229 2435 264 2490 ad
283 2433 402 2490 salutem
422 2435 520 2508 patriae
541 2433 746 2490 defendendam
768 2433 923 2488 excitavit?
962 2436 1064 2492 Servus
1078 2450 1123 2494 est

162 2529 256 2582 nemo,
269 2510 316 2584 qui
336 2507 420 2567 modd
441 2511 577 2567 tolerabili
593 2509 755 2566 conditione
775 2509 812 2564 sit
832 2509 982 2582 servitutis,
996 2511 1044 2584 qui
1064 2531 1123 2570 non

163 2588 311 2644 audacium
332 2587 436 2643 civium
452 2589 662 2662 perhorrescet;
682 2586 731 2660 qui
752 2606 810 2642 non
831 2587 893 2642 haec
914 2597 988 2646 stare
1010 2590 1124 2663 cupiat;
1175 2589 1178 2600 '

113 2674 148 2727 30
163 2665 281 2740 quinon
294 2676 421 2736 me
430 2679 565 2740 quantum
580 2667 673 2736 audet,
688 2675 716 2720 et
729 2674 865 2738 quantum
885 2675 984 2739 potest,
999 2666 1126 2722 conferat

164 2743 199 2798 ad
212 2763 392 2800 communem
406 2745 533 2812 salutern,
547 2743 706 2797 voluntatis.
1094 2743 1106 2756 ⁶

201 2820 311 2886 Quare,
322 2819 345 2872 si
359 2833 443 2888 quem
453 2815 575 2870 vestrum
586 2813 659 2868 torte
671 2826 829 2868 commovet
839 2817 902 2882 hoc,
910 2820 985 2886 quod
997 2821 1126 2876 auditum

163 2905 215 2961 est,
230 2895 360 2948 lenonem
374 2890 514 2962 quendam
529 2887 833 2944 Lentuli.eoncursare
855 2889 963 2944 circum
984 2893 1126 2966 tabernas,

162 2969 252 3043 pretio
270 2985 382 3040 sperare
406 2963 550 3020 sollicitari
570 2981 652 3039 posse
674 2963 783 3017 animos
805 2961 951 3038 egentium
977 2977 1059 3041 atque
1075 2969 1128 3026 im·
1194 2969 1202 2985 '

113 3044 332 3118 asperiorum
353 3054 396 3099 est
409 3041 438 3098 id
452 3040 565 3114 quidem
580 3050 702 3112 coeptum
718 3049 801 3113 atque
814 3051 968 3098 tentatum:
990 3046 1040 3100 sed
1055 3048 1127 3104 nulli

164 3132 230 3178 sunt
243 3121 350 3177 inventi
361 3132 418 3174 tarn
433 3129 481 3172 aut
494 3117 604 3172 sortund
618 3117 724 3185 miseri,
738 3127 787 3172 aut
800 3117 941 3174 voluntate
954 3123 1066 3193 perditi,
1078 3125 1127 3194 qui

164 3217 222 3255 non
237 3191 329 3271 ipsum
343 3195 421 3249 illurn
436 3193 510 3247 sellae
525 3203 608 3264 atque
620 3193 712 3266 operis
725 3203 754 3248 et
773 3193 897 3266 quaestirs
918 3197 1072 3268 quotidiani
1086 3200 1129 3255 lo-

164 3293 246 3340 cum;
261 3270 310 3344 qui
321 3289 379 3326 non
390 3268 483 3324 cubile
499 3287 532 3324 ec
546 3269 680 3324 lectulum
691 3289 789 3338 suum3
804 3271 852 3344 qui
864 3265 985 3346 denique
997 3293 1053 3330 nou
1065 3295 1129 3332 cur·

164 3368 228 3406 sum
242 3350 320 3404 hunc
330 3347 449 3404 otiosum
460 3345 523 3400 v'itae
535 3363 605 3421 suae,
615 3347 721 3408 salvum
732 3366 795 3403 esse
806 3348 918 3406 vellent
954 3347 1047 3408 Multo
1060 3351 1126 3410 verti

115 3437 150 3490 40
164 3427 286 3483 maxime
296 3445 360 3498 pers
371 3442 477 3493 eorum,
489 3423 535 3496 qui
548 3423 577 3478 in
589 3423 713 3484 tabernis
722 3435 802 3492 sunt;
821 3425 907 3482 immo
917 3424 983 3483 rerd
996 3426 1126 3502 (id‘enim

164 3500 257 3579 potiris
281 3513 325 3557 est
348 3501 513 3575 dicendum)
539 3517 630 3574 genus
650 3499 883 3558 hoc-uuiversum
903 3505 1126 3563 amantissimum

165 3591 208 3637 est
221 3580 290 3637 otii:
311 3577 417 3634 etenim
430 3595 513 3632 omne
528 3595 625 3632 eorum
639 3575 865 3648 instrumentum,
880 3580 974 3635 omnis
995 3601 1079 3655 opera
1092 3601 1127 3639 ao

165 3667 296 3733 questus,
312 3652 469 3729 frequentid
483 3653 588 3710 civium
602 3654 766 3728 sustinetur,
781 3653 864 3712 alitur
878 3655 951 3713 otio:
972 3677 1089 3736 quorum
1103 3660 1128 3722 si
