2516 4204
122 345 181 406 180
428 335 559 390 culmo
574 334 612 387 IN
629 337 666 386 M.
682 333 877 388 amomum

209 482 340 540 Atenim
353 491 381 538 te
395 481 425 538 in
439 481 619 556 disciplinam
631 495 725 534 meam
745 477 900 534 tradideras
922 473 1004 550 (nam
1018 473 1055 530 ita
1066 473 1123 532 dix·

170 559 229 635 isti)
243 575 250 614 t
265 559 380 616 domum
391 577 484 614 meam
497 556 658 614 ventitdrus.
693 553 747 610 Nae
760 565 801 625 tu,
811 555 835 610 si
849 553 878 609 id
887 552 1013 622 fecisses,
1028 549 1124 608 melius

170 632 535 710 samoe,melii1spudicitiae
553 632 833 702 tue‚cor1suluisses.
874 629 931 684 Sed
953 647 1008 684 nec
1028 628 1125 698 fecisti,

170 729 236 781 nec,
250 711 274 767 si
288 730 416 785 cuperes,
430 712 481 768 tibi
496 711 524 766 id
545 729 595 784 per
618 705 651 764 C.
666 707 821 764 Curionem
836 707 927 762 facere
940 705 1075 760 licuisset.

138 787 156 838 5
211 787 377 862 Auguratiis
390 788 554 862 petitionem
573 785 642 841 mihi
657 796 684 840 te
706 783 881 842 concessisse
901 783 1005 837 dixisti.
1045 781 1126 836 Oin-

172 863 335 919 credibilem
354 863 517 920 audaciam!
537 881 555 916 o
568 861 771 933 impudentiam
793 859 1020 934 predicandam!
1058 857 1125 917 Quo

171 939 248 994 enim
262 949 386 1012 ternpore
405 957 451 993 me
473 956 610 1011 augurem
633 957 649 992 a
670 947 730 993 toto
754 938 873 1011 collegio
895 936 1049 1008 expetitum
1072 934 1123 989 Cn.

171 1013 323 1088 Pompeius
337 1025 366 1070 et
379 1013 418 1073 Q.
435 1013 606 1070 Hortensius
620 1013 836 1069 nominaverunt
851 1011 956 1088 (neque
971 1012 1048 1067 enim
1063 1011 1126 1066 lice·

171 1090 219 1146 bat
234 1107 251 1146 a
267 1091 394 1164 pluribus
407 1088 570 1164 nominari),
585 1101 615 1146 tu
636 1108 691 1146 nec
711 1089 845 1144 solvendo
858 1107 1000 1157 eras,-nec
1020 1098 1048 1143 te
1072 1088 1125 1144 ullo

122 1171 157 1223 10
172 1167 265 1236 modo,
276 1168 330 1222 nisi
345 1167 441 1222 eversi
455 1166 608 1239 republicis,
622 1166 792 1221 incolumem
804 1167 865 1221 ,fore
879 1165 1012 1240 putabas..
1046 1164 1126 1220 Pote-

140 1301 147 1314 ,
171 1259 216 1299 res
230 1252 325 1297 autern
338 1259 372 1297 eo
385 1252 510 1314 tempore
521 1252 687 1316 auguratum
701 1252 806 1315 petere,
821 1239 888 1298 crim
903 1243 933 1297 in
948 1239 1126 1298 imitemin

170 1333 227 1373 non
239 1318 332 1374 essetl
351 1327 398 1374 eut
411 1315 556 1388 tum,ci1m
567 1336 600 1373 cs
610 1319 709 1390 sactus,
718 1334 803 1373 unam
814 1319 918 1374 tribum
929 1318 992 1374 sine
1003 1315 1127 1374 Curione

171 1393 244 1450 fatre
268 1395 429 1468 potuissesl
450 1395 532 1470 cujus
554 1395 639 1452 etiem
661 1395 814 1452 familiares
838 1396 873 1452 dc
897 1396 924 1452 vi
948 1393 1126 1452 condemnati

172 1482 247 1542 sunt,
261 1468 336 1546 quod
350 1472 392 1528 tui
406 1473 491 1528 nimis
504 1473 622 1529 studiosi
637 1473 762 1530 fuissent

123 1551 158 1604 15
212 1548 268 1605 III.
310 1549 350 1605 At
363 1549 576 1606 beneficiosum
590 1569 660 1606 usus
673 1561 730 1607 tuo.
770 1549 859 1610 Quot
879 1549 1036 1624 quanquam
1058 1548 1129 1604 illud

172 1625 274 1698 ipsum,
288 1627 360 1698 quod
376 1645 589 1698 commemoras,
603 1645 713 1702 semper
725 1645 784 1700 prae
804 1645 849 1682 me
870 1627 927 1682 tuli.
968 1624 1060 1679 Malui
1083 1643 1132 1680 nie

171 1701 224 1755 tibi
235 1703 339 1757 debere
350 1704 488 1774 confiteri,
499 1703 585 1777 qudm
596 1705 727 1778 cuiqnam
738 1699 832 1758 minus
846 1700 975 1775 prudenti
986 1714 1044 1753 non
1058 1701 1134 1756 sutis

172 1785 268 1849 gratus
282 1777 378 1834 rideri.
420 1781 478 1836 Sed
492 1799 548 1854 quo
569 1781 726 1838 beneficiet
746 1777 822 1852 quod
842 1795 888 1832 me
908 1770 1053 1832 Brundisii
1067 1793 1130 1832 non

172 1853 331 1910 occiderisl
370 1855 468 1916 Quem
482 1858 543 1932 ipse
557 1859 644 1920 victor
659 1857 719 1934 (qui
733 1857 795 1927 tibi,
808 1865 840 1911 ut
853 1864 913 1911 tute
935 1845 1045 1926 gloriari
1060 1851 1130 1908 sole-

121 1929 159 1984 20
174 1929 233 1998 bes,
247 1931 384 1986 detulerat
404 1951 440 1987 ex
460 1933 616 1990 latronibus
637 1935 696 1989 suis
713 1929 918 2006 principatum)
939 1928 1045 1984 salvum
1066 1946 1128 2004 esse

172 2003 312 2074 voluisset,
327 2007 356 2058 in
381 2005 490 2059 Italiam
505 2008 546 2062 ire
567 2009 705 2078 jussisset,
720 2027 785 2062 eum
810 2019 840 2062 tu
863 2007 1030 2061 occideresl
1069 2005 1128 2060 Fac

171 2078 310 2152 potuisse:
331 2079 406 2150 quod
420 2089 462 2134 est
476 2079 562 2150 uliud,
572 2080 670 2134 Patres
683 2081 854 2154 Conscripti,
865 2081 1037 2136 beneficium
1050 2081 1129 2136 latro·

171 2171 251 2225 num,
265 2154 320 2210 nisi
335 2164 366 2211 ut
379 2173 598 2230 commemorare
610 2157 730 2231 possint,
743 2157 778 2212 iis
794 2174 824 2212 se
838 2157 951 2213 dedisse
965 2158 1060 2227 vitam,
1070 2157 1127 2230 qui-

172 2231 226 2288 bus
240 2249 300 2290 non
320 2233 497 2290 ademerint?
535 2233 625 2294 Quod
647 2235 671 2290 si
692 2244 767 2290 esset
789 2234 971 2306 beneficium,
984 2251 1127 2306 nunquam

121 2310 161 2364 25
173 2308 203 2378 ii,
217 2310 265 2381 qui
278 2309 357 2380 illum
371 2309 581 2380 interfecerunt,
596 2329 612 2366 a
625 2321 775 2382 quoerant
788 2313 900 2382 senati,
916 2311 1008 2385 <quos
1023 2321 1054 2365 tu
1069 2311 1129 2383 ipse

173 2383 245 2438 rime
258 2383 427 2439 clarissimos
440 2387 580 2458 appellare
592 2385 679 2460 soles)
693 2387 1018 2458 tantamessentgloriam
1032 2403 1131 2442 conse·

171 2458 239 2516 cuti.
278 2456 374 2517 Quale
389 2469 482 2514 autem
502 2459 672 2514 beneficium
692 2469 744 2529 est,
757 2461 832 2532 quod
847 2470 875 2514 te
896 2460 1067 2516 abstinueris
1081 2479 1131 2517 no-

172 2533 242 2591 iaric
255 2534 383 2592 scelerel
422 2534 491 2596 Qui
505 2536 536 2592 in
557 2555 597 2608 re,
610 2553 669 2594 non
690 2546 748 2592 tam
763 2535 924 2610 ¹jucundum
944 2535 1033 2590 rideri
1057 2537 1128 2593 milri

172 2611 278 2684 debuit,
293 2631 351 2671 uon
371 2613 551 2672 interfectum
570 2625 638 2686 ate,
651 2611 737 2690 quam
747 2613 901 2686 ,miserum
915 2613 944 2670 id
958 2623 986 2670 ta
1010 2609 1130 2686 impune

121 2690 159 2746 30
172 2689 265 2749 facere
278 2691 410 2767 potuisse.
748 2733 749 2736 η

211 2769 268 2825 Sed
290 2771 327 2824 sit
341 2770 521 2839 beneficium,
535 2771 760 2842 quandoquidem
774 2769 865 2842 majus
879 2768 970 2842 accipi
983 2786 1000 2822 a
1019 2766 1133 2822 latrone

171 2843 281 2912 nullum
294 2844 402 2912 potuit‚·
422 2843 452 2896 in
465 2861 520 2914 quo
540 2854 619 2914 potes
636 2861 684 2898 me
703 2844 799 2898 dicere
820 2844 983 2916 ingratuml
1022 2842 1070 2896 An
1091 2839 1129 2894 de

171 2915 286 2969 interitu
296 2914 460 2986 reipublice
470 2915 549 2988 queri
560 2933 618 2971 non
628 2917 724 2984 debui,
736 2935 773 2970 ne
784 2918 852 2972 inte
863 2918 989 2989 ingratus
999 2915 1132 2972 videreri-

171 2987 257 3059 Nam,
271 2989 302 3045 in
316 2987 364 3046 ills
384 2991 509 3064 queram,
524 2990 641 3067 (miseri
655 2992 769 3064 quidem
783 3001 813 3046 et
830 2991 971 3060 luctuosa,
984 2994 1033 3047 sed
1047 2992 1130 3062 milri,

121 3078 157 3132 35
170 3082 221 3140 pro
234 3066 288 3124 hoc
302 3068 390 3142 gradu
404 3069 500 3144 inquo
513 3087 558 3124 me
569 3079 685 3124 senatus
696 3066 867 3140 populusque
879 3066 1028 3122 Romanus
1042 3069 1135 3126 collo-¹

171 3143 254 3213 cavit,
268 3143 442 3216 necessarii)
464 3146 531 3215 quid
552 3155 594 3200 est
615 3145 722 3198 dictum
743 3161 760 3196 a
781 3159 827 3195 me
848 3159 914 3196 cum
935 3143 1132 3199 contumelidl

170 3219 238 3290 qaid
259 3233 316 3270 non
337 3215 504 3272 moderaret
530 3219 598 3290 quid
619 3235 676 3271 non
701 3213 814 3270 anicet
853 3213 891 3270 Et
910 3216 1024 3289 quidem
1045 3219 1131 3293 cujus

170 3291 362 3361 teniperantite
376 3290 436 3362 fuit,
450 3293 486 3348 de
500 3291 541 3348 M.
556 3291 684 3348 Antonio
701 3301 875 3364 querentem,
889 3293 1030 3350 abstinere
1045 3295 1134 3352 male·

171 3365 266 3422 diobol
285 3369 440 3442 presertim
453 3366 520 3426 cum
533 3379 564 3426 tu
584 3367 717 3442 reliquias
737 3369 900 3444 reipublice
915 3370 1130 3444 dissipavisses3

121 3447 159 3502 to
172 3438 238 3498 edm
253 3445 328 3502 domi
340 3455 395 3502 tue
406 3447 565 3522 turpissimo
575 3455 700 3505 mercatu
711 3448 806 3505 omnia
816 3459 910 3505 essent
920 3447 1042 3516 venalia;
1061 3445 1131 3505 cum

171 3519 249 3594 leges
269 3540 327 3592 aas,
341 3541 403 3596 qute
418 3543 561 3600 nunquam
574 3525 755 3600 promulgatur
772 3535 875 3594 essent,
889 3535 918 3580 et
938 3525 973 3579 de
986 3534 1014 3580 te
1026 3535 1055 3581 et
1069 3543 1084 3579 a
1096 3532 1129 3578 te

171 3596 241 3653 latus
254 3599 434 3667 confiterere3
455 3599 522 3658 crim
534 3603 659 3676 auspicia
670 3621 768 3676 augur,
779 3601 1006 3674 intercessionem
1018 3597 1131 3668 consul,

172 3673 348 3740 sustulissem
369 3671 436 3729 edm
450 3695 528 3734 esses
538 3677 692 3734 fodissime
707 3680 822 3750 stipatus
837 3679 951 3734 armatis
959 3697 966 3746 ;
988 3676 1055 3733 cum
1069 3693 1133 3734 om·

173 3765 226 3808 nes
249 3749 420 3828 impuritates
443 3753 548 3827 pudice
570 3753 601 3810 in
622 3754 706 3810 domo
725 3753 850 3828 quotidie
873 3756 1039 3830 susciperes,
1061 3751 1134 3812 rino
