2542 4212
126 371 169 430 uo
390 351 515 424 ouium
531 365 580 415 m.
598 365 638 416 nr
655 365 684 414 c.
702 363 911 415 carrarum.
1014 395 1017 400 .

176 520 250 564 man
270 523 365 564 annno
383 513 579 564 nrannrssnn.
619 506 697 567 Quae
716 525 769 580 sup
787 505 892 574 licatio,
905 504 929 560 ai
946 519 1012 559 cum
1025 499 1131 558 ceteris

151 585 345 658 ,coniuratum
358 583 497 654 Quirites,
518 585 573 640 hoc
590 583 710 654 intersit,
729 583 938 656 quod-cetere
955 575 1028 634 bene
1042 579 1129 653 gesti,

177 661 239 716 haec
253 663 498 730 una,·conservatt
511 660 666 733 republicd,
681 659 833 715 constituta
845 667 895 714 est

215 738 310 810 Atque
330 737 409 806 illud,
427 737 506 810 quod·
521 735 689 792 laciendum'
702 725 902 809 primbm-suit,
923 733 1028 788 factum
1050 742 1128 806 atque

74 869 77 876 .
142 819 346 878 stannatum
366 825 417 869 est.
458 811 534 868 Nam
548 812 580 867 P.
602 812 750 882 Lentulus,
771 828 939 885 quanquam,
962 807 1130 883 (patefactus

175 884 289 945 indiciis
297 899 325 944 et
335 889 558 946 confessionibus
569 889 644 963 suis)
651 889 759 961 judicio
769 887 893 956 senatuis,
901 905 958 942 uon
966 882 1052 941 modd
1063 903 1129 959 prae·

174 963 242 1020 toris
259 963 314 1037 jus,
335 961 432 1020 verum
452 965 538 1020 etiam
558 964 637 1033 civis,
658 965 799 1032 amiserat,
813 974 907 1018 tamen
922 963 1085 1036 magistratu
1099 981 1129 1018 se

174 1039 330 1109 abdicavit,
351 1051 392 1110 ut,
405 1058 467 1114 quae
478 1039 577 1114 religio
590 1039 624 1094 C.
634 1037 737 1109 Mario,
748 1039 905 1096 clarissimo
918 1039 985 1109 viro,
1000 1056 1058 1095 non
1073 1039 1128 1096 sue·

105 1123 108 1130 '
173 1119 225 1188 nit,
245 1115 394 1191 quominus
403 1117 442 1172 'C.
456 1117 614 1187 Glauciam,
628 1117 663 1172 de
677 1134 733 1190 quo
744 1116 815 1172 nihil
831 1116 997 1172 nominatim
1010 1125 1070 1171 erat
1082 1115 1127 1170 de·

125 1198 159 1250 10
173 1203 294 1263 cretum,¹
310 1205 456 1268 praetorem
476 1194 627 1264 occideret,
649 1193 684 1250 ed
704 1193 755 1250 rios
769 1193 922 1266 religione,
931 1193 961 1248 in
974 1192 1081 1266 privato
1095 1191 1126 1247 P.

173 1267 294 1326 Lentulo
306 1270 460 1344 puniendo,
476 1271 666 1326 liberaremur.

79 1395 82 1406 ,.
147 1401 151 1408 ,
172 1387 178 1398 .
197 1344 279 1412 ὟΙΙ.
314 1345 413 1416 Nunc,
426 1345 568 1419 quoniam,
581 1345 722 1418 Quirites,
735 1346 942 1402 sceleratissimi
956 1345 1129 1420 periculosis·

112 1415 119 1428 '
173 1421 291 1496 simique
305 1422 370 1478 belli
384 1423 506 1480 nefarios
519 1424 607 1479 duces
628 1433 726 1497 captos
744 1423 803 1496 jam
817 1433 845 1479 et
860 1424 1078 1498 comprehensos
1091 1433 1129 1478 te·

172 1499 255 1570 netis,
268 1499 427 1556 existimare
441 1501 560 1570 debetis,
574 1519 676 1556 omnes
688 1500 819 1557 Catilinae
836 1500 941 1574 copias,
954 1517 1055 1556 omnes
1066 1517 1130 1572 spes

124 1579 153 1630 15
172 1586 253 1650 atque
267 1597 344 1652 opos,
359 1577 403 1633 his
422 1577 545 1651 depulsis
565 1575 649 1633 Urbis
668 1577 811 1652 periculis,
826 1577 994 1633 coaudisse·
1033 1575 1130 1635 Quem

171 1654 285 1724 quidem
306 1655 360 1726 ego
376 1651 442 1707 ciam
456 1672 492 1708 ex
504 1653 580 1707 Urbe
594 1654 742 1724 pollebam,
757 1655 811 1707 hoc
831 1653 1010 1724 providebam
1025 1652 1130 1722 animo,

171 1727 309 1798 Quirites,
332 1739 439 1784 remoto
458 1727 592 1798 Catilina,
617 1745 671 1782 nec
691 1728 761 1782 mihi
785 1745 848 1782 esse
869 1727 899 1781 P.
922 1725 1036 1782 Lentuli
1058 1746 1132 1782 som·

125 1817 131 1824 “
171 1822 250 1876 num,
268 1799 323 1861 riec
343 1803 375 1860 L.
397 1803 489 1859 Cassii
509 1804 630 1878 adipem,
650 1819 705 1859 nec
726 1802 855 1876 Cethegi.
867 1802 999 1858 fautiosam
1019 1803 1132 1860 temeri·

171 1891 256 1938 tatem
282 1881 542 1956 pertimescendam.
596 1879 648 1935 Ille
676 1889 736 1936 erat
756 1897 832 1936 unus
854 1879 998 1946 timendus
1024 1897 1059 1935 ex
1086 1881 1131 1936 his

121 1961 157 2014 20
170 1953 311 2027 b'mnibus,
339 1959 389 2012 sed
416 1957 534 2026 tamdiu,
555 1957 623 2011 dum
650 1957 791 2012 moenibus
816 1955 912 2012 Urbis.
925 1957 1128 2012 continebatur.
1158 1963 1162 1972 ’

171 2033 277 2088 Omnia
289 2031 380 2101 ndrat,
393 2033 519 2088 omnium
530 2033 623 2088 aditus
636 2033 766 2088 tenebat:
788 2031 937 2104 appellare,
947 2041 1066 2102 tentare,
1077 2033 1131 2088 sou

170 2108 278 2165 licitare
291 2107 407 2183 poterat,
422 2109 549 2165 audebat.
590 2108 659 2166 Erat
679 2110 706 2165 ei
727 2108 877 2165 consilium
898 2107 934 2164 ad
955 2107 1065 2164 facinus
1084 2127 1132 2184 ap-

171 2195 252 2254 tum;
283 2185 402 2250 consilio
428 2196 530 2242 autem
547 2204 642 2258 neque
666 2186 765 2262 lingua
785 2203 878 2259 neque
897 2201 999 2241 manus
1024 2186 1129 2242 deerat.

146 2286 149 2290 ·
171 2260 245 2333 Jam,
260 2264 296 2319 ad
308 2273 398 2320 certas
418 2281 464 2319 res
483 2261 684 2334 conficiendas,
698 2275 789 2320 certos
809 2263 938 2319 homines
958 2263 1082 2320 delectos
1095 2276 1139 2319 ac·

64 2339 69 2354 '
121 2341 156 2395 25
171 2337 471 2413 descriptoshabebat.
511 2339 613 2414 Neque
634 2337 710 2410 verb,
725 2337 792 2396 ciam
813 2341 919 2413 aliquid
940 2341 1130 2416 mandaverat,

171 2415 332 2486 consectum
352 2417 483 2490 putabat:
504 2417 574 2473 nihil
596 2417 893 2490 erat,quodnor'1ipse
913 2417 1015 2488 obiret,
1033 2433 1131 2471 occur·

170 2501 254 2561 reret,
268 2493 404 2567 vigilaret,
418 2493 572 2551 laboraret:
587 2493 683 2568 frigus,
698 2492 783 2563 sitim,
798 2491 985 2564 famemrferre
1000 2500 1116 2564 poterat.

154 2583 177 2646 p
210 2566 298 2626 Hunc
311 2588 374 2644 ego,
389 2571 533 2628 hominem
553 2582 610 2628 tam
625 2580 808 2644 aerumnam¹
821 2578 958 2644 paratum,
972 2578 1030 2624 tam
1044 2567 1132 2624 auda·

111 2659 113 2664 ·
170 2663 243 2717 cem,
257 2656 315 2704 tam
333 2647 478 2720 callidum,
499 2659 556 2706 tam
577 2650 607 2705 in
628 2647 734 2704 scelera
754 2647 927 2722 vigilantem,
940 2656 998 2710 tam
1019 2645 1049 2701 in
1068 2663 1132 2719 per-

120 2726 157 2780 30
171 2723 237 2780 ditis
258 2727 343 2782 rebus
358 2726 538 2799 diligentem,
561 2727 616 2780 nisi
642 2745 679 2781 err
700 2725 863 2782 domesticis
887 2723 1006 2780 insidiis·
1019 2721 1049 2778 in
1070 2739 1132 2776 cas-

170 2810 265 2858 trense
291 2801 469 2855 latrocinium
497 2799 706 2870 compulissem,
732 2799 838 2871 (dicam
866 2801 905 2867 id,
926 2800 1000 2870 quod
1028 2798 1130 2868 sentio,

170 2874 313 2948 Quirites)
327 2891 384 2928 non
406 2871 489 2927 facile
511 2875 585 2927 hanc
605 2880 712 2926 tantam
732 2869 834 2926 molem
855 2873 924 2928 mali
937 2891 954 2926 e
971 2875 1132 2932 cervicibus

170 2949 270 3004 vestris
283 2948 460 3024 depulissem.
501 2947 568 3004 Non
583 2946 629 3018 ille
643 2947 725 3002 nobis
746 2946 906 3002 Saturnalia
925 2948 1016 3004 consti
1052 2949 1058 2960 ”
1075 2961 1131 3022 set,

171 3043 271 3100 neque,
280 3023 358 3083 tantd
373 3021 449 3097 ante,
458 3024 535 3082 exitii
549 3035 578 3080 et
592 3023 640 3079 sati
653 3023 730 3080 diem
743 3021 906 3096 reipublice
916 2961 1130 3096 denuiiiffisen

122 3111 157 3172 35
170 3121 262 3178 neque
275 3103 471 3172 commisisset,
485 3113 517 3158 ut
530 3103 653 3176 sig'num,
667 3111 698 3156 ut
718 3095 817 3162 literae,
826 3117 885 3154 suae
904 3111 989 3172 testes
1005 3099 1132 3176 denique

171 3181 313 3238 manifesti
328 3178 441 3234 sceleris
455 3179 745 3251 deprehenderentur:
766 3195 829 3250 quae
843 3195 930 3250 nunc,
940 3177 986 3233 illo
1000 3177 1130 3248 absente,
1152 3229 1157 3232 .

172 3260 214 3314 sic
226 3267 305 3332 gesta
319 3261 393 3325 sun‘t,
407 3264 439 3310 ut
451 3255 560 3310 nullum
576 3255 605 3310 in
618 3254 726 3328 privati
739 3253 822 3309 domo
835 3253 939 3310 furtum
953 3270 1077 3327 unquam
1091 3257 1132 3312 sit

171 3344 228 3390 tam
242 3331 334 3411 paldm
348 3325 502 3402 inventum,
516 3328 600 3404 quim
614 3332 676 3388 lraec
689 3340 768 3386 tanta
785 3329 815 3386 in
834 3331 980 3406 republicb
1000 3331 1131 3406 conjura-

75 3441 79 3448 ·
172 3411 211 3468 tio
221 3407 369 3468 manifesti)
381 3410 495 3466 inventa
506 3419 586 3481 atque
597 3408 772 3482 deprehensa
781 3417 831 3464 est.
868 3406 957 3468 Quod
966 3409 990 3464 si
1002 3408 1131 3470 Catilina
1151 3458 1158 3470 .
1263 3401 1264 3420 ¹

123 3485 159 3538 40
173 3487 203 3547 iu
224 3487 356 3548 Urbead
376 3488 451 3542 hanc
463 3487 541 3542 diem
554 3485 749 3552 remansisset3
770 3503 938 3559 quanquam,
953 3487 1043 3560 quoad
1064 3487 1128 3556 suit,

172 3564 302 3620 omnibus
312 3563 373 3636 ejus
383 3560 507 3639 ebusiliis
519 3562 630 3618 occurri
645 3572 727 3636 atque
740 3562 845 3634 obstiti,
856 3573 951 3618 tamen
967 3561 1013 3637 (ut
1022 3562 1130 3627 levissi-

173 3637 220 3696 me
235 3639 341 3712 dicam)
354 3637 554 3712 ,dimicandum
574 3637 656 3695 nobis
676 3657 741 3695 cum
762 3639 810 3694 illo
827 3638 941 3705 fuisset3
962 3635 1054 3712 neq'ue
1073 3637 1129 3695 n‘ds

173 3733 306 3790 unquam,
318 3711 446 3768 dumille
461 3713 490 3766 in
504 3713 580 3770 Urbe
594 3715 680 3770 hostis
695 3713 802 3783 fuisset,
813 3714 898 3769 tantis
908 3715 1041 3788 periculis
1053 3732 1129 3772 rem-

154 3857 158 3864 ,
173 3792 324 3868 publicam,
338 3788 416 3847 tanti
430 3805 510 3863 pace,
524 3799 602 3846 tanto
614 3789 682 3860 otio,
695 3800 774 3846 tanto
787 3789 907 3862 silentio,
918 3789 1130 3849 liberaremus,

1091 3882 1115 3906 4.

1263 3865 1264 3874 r

1127 3889 1264 3974 ρ’,

1097 3973 1264 3996 ὶ·’

1040 4011 1133 4026 ¹⁸1

1263 3905 1264 3934 l

1263 4005 1264 4032 l

1250 4135 1256 4180 ι
