2542 4212
367 297 493 348 onemo
508 297 543 348 11.
561 299 601 348 uu
619 298 649 346 n.
660 297 866 364 cretarum.
1102 298 1143 358 m

135 437 262 494 arbitror.
302 437 364 498 Qui
384 437 523 510 homines,
535 432 669 513 primdm
683 438 708 496 si
728 448 802 496 stare
814 457 875 496 non
891 447 1017 513 pausant,
1032 455 1095 496 cor·

134 524 235 581 ruant3
260 515 310 569 sed
329 515 376 584 ita,
389 524 420 572 ut
440 534 499 572 non
520 511 606 570 modb
627 515 736 586 civitas,
757 515 808 570 sed
824 533 860 572 nc
873 515 958 572 vicini
978 515 1093 589 quidem

136 589 258 662 proximi
287 591 419 646 sentiant.
460 589 538 644 Nam
559 589 628 645 illud
657 609 716 647 non
743 591 880 665 intelligo,
899 591 1092 664 quamobrem,

135 665 160 720 si
175 666 268 722 vivere
283 662 400 722 honeste
415 683 474 720 non
488 677 614 738 possunt,
628 667 721 739 perire
731 667 850 740 turpiter
860 667 964 733 velint3
984 677 1093 723 auteur

135 741 244 798 minore
258 742 354 798 dolore
368 741 509 815 perituros
523 759 554 796 se
568 759 633 797 cum
646 741 752 812 multia,
766 739 852 814 quem
864 742 889 796 si
902 739 957 796 soli
967 751 1093 814 pereant,
1124 748 1143 800 5
1247 753 1250 760 '
1266 735 1267 742 ἵ

136 818 316 874 arbitrentur.

173 893 320 952 Quintum
334 910 426 966 genus
439 901 481 948 est
493 891 706 964 parricidarum,
715 893 891 964 sicariorum,
902 893 1027 966 denique
1035 910 1095 950 aru·

130 969 217 1039 vnium
236 967 471 1024 facinorosorum:
491 986 560 1040 quos
574 985 630 1041 ego
644 987 661 1024 a
674 968 799 1024 catilina
813 988 872 1026 non
887 987 1006 1026 revoco:
1026 987 1093 1024 nam

135 1061 228 1116 neque
242 1043 335 1098 divelli
350 1043 385 1098 ab
399 1062 433 1100 eo
446 1054 580 1116 possunt:
601 1054 631 1100 et
650 1055 768 1118 pereant
787 1041 856 1100 saud
878 1045 910 1100 in
930 1044 1090 1116 latrocinio,

134 1121 267 1192 quoniam
281 1129 348 1176 sunt
361 1120 400 1174 ita
413 1120 503 1190 multi,
518 1130 550 1176 ut
563 1137 614 1176 eos
626 1139 727 1194 capere
741 1136 840 1176 carcer
852 1139 912 1178 non
927 1120 1024 1194 possit
1109 1119 1143 1172 10

173 1195 351 1253 Postremum
373 1205 467 1251 autem
488 1215 579 1270 genus
597 1207 649 1266 est,
664 1215 723 1253 non
741 1193 832 1253 sellam
849 1215 981 1266 numero,
995 1193 1094 1252 veriam

104 1278 109 1282 '
134 1273 220 1328 etiam
238 1291 344 1346 genere
367 1272 428 1345 ipso
456 1283 538 1346 atquc
566 1271 634 1342 vitri,
657 1273 734 1345 quod
756 1273 900 1347 proprium
927 1283 971 1330 est
996 1271 1094 1328 Catili·

134 1365 189 1418 nn,
217 1350 253 1404 de
280 1348 342 1422 ejus
375 1348 497 1418 delectu,
524 1349 613 1404 immo
638 1345 705 1404 rard
733 1349 769 1404 de
794 1367 857 1406 com
886 1367 943 1406 exu
969 1349 1032 1422 ejus
1059 1365 1094 1404 ac

135 1425 215 1492 sinn;
236 1443 307 1498 quos
327 1443 400 1498 pexo
419 1425 531 1498 capillo,
555 1425 669 1493 nitidos,
691 1435 740 1480 aut
768 1425 858 1482 imber
913 1435 991 1496 ,aut
1018 1417 1093 1480 bend

134 1499 275 1570 barbatos,
290 1499 406 1567 videtis;
427 1500 577 1555 manicatis
589 1510 619 1554 et
632 1500 766 1555 talaribus
779 1501 900 1567 tunicis;
920 1500 992 1556 velis
1010 1498 1095 1554 amic-
1111 1504 1143 1556 15

135 1585 189 1645 tos,
210 1595 268 1632 non
289 1576 379 1650 togis:
401 1593 518 1648 quorum
537 1575 630 1630 omnis
651 1575 790 1632 industria
809 1575 883 1645 rite,
903 1585 933 1631 et
960 1574 1094 1649 vigilandi

29 1710 31 1714 ,
134 1651 224 1722 labor,
246 1652 275 1708 in
297 1651 474 1708 antelucanis
495 1653 585 1708 coenis
610 1652 790 1725 expromitur.
831 1650 867 1708 In
887 1651 933 1708 bis
959 1649 1094 1726 gregibus

134 1747 235 1792 omnes
249 1728 396 1799 aleatores,
407 1747 508 1785 omnes
523 1729 652 1798 adulteri,
663 1747 763 1786 omnes
776 1729 879 1802 impuri
889 1727 1090 1802 inspudiciquc,
1187 1760 1203 1793 x,

134 1815 289 1860 versantur.
330 1805 371 1858 Hi
385 1805 466 1876 pueri
479 1815 537 1858 tam
549 1805 636 1876 lepidi
647 1822 681 1858 ac
691 1805 817 1872 delicati,
827 1822 887 1858 non
898 1801 989 1858 solium
999 1821 1094 1859 amne
1207 1803 1219 1828 '¹

135 1879 277 1949 clamari,
292 1897 384 1952 neque
399 1888 514 1934 cantare
535 1887 564 1934 et
577 1878 688 1948 saltare,
703 1877 753 1934 sed
774 1878 860 1934 etiam
880 1878 953 1934 sicas
973 1879 1094 1951 vibrare,
1110 1890 1144 1945 m

134 1967 164 2014 et
174 1975 307 2030 spargere
318 1973 438 2024 venena,
450 1955 627 2010 didicerunt:
647 1955 695 2028 qui
705 1954 762 2010 nisi
772 1965 886 2026 exeunt,
898 1955 953 2012 nisi
964 1967 1094 2030 pereunt,

135 2033 245 2090 etiamsi
257 2033 381 2089 Catilina
390 2031 515 2106 perierit,
527 2032 626 2088 scitote
641 2032 695 2088 hoc
709 2032 740 2088 in
753 2032 899 2106 republicd
913 2033 1095 2090 seminariam

136 2107 362 2186 [catilinarium]
385 2109 518 2166 futurum.
559 2109 755 2165 Veruntamen
767 2110 835 2181 quid
856 2109 911 2166 sibi
931 2109 978 2166 isti
997 2109 1095 2168 miseri

134 2187 252 2243 voluntl
273 2205 342 2243 nuru
356 2204 421 2241 suas
435 2204 533 2242 secum
546 2185 729 2242 mulierculas
748 2196 813 2241 sunt
833 2186 876 2258 in
884 2195 977 2241 castra
996 2186 1096 2242 ductu·

134 2264 178 2320 ril
199 2263 435 2338 quemadmodum
450 2261 611 2318 autemillis
624 2279 720 2318 carere
733 2271 874 2336 poterunt,
886 2261 930 2318 his
939 2262 1096 2336 presertim
1109 2263 1144 2318 25

132 2339 193 2414 jam
217 2339 369 2394 noctibusl
390 2356 444 2410 quo
458 2349 551 2394 autem
564 2349 648 2412 pacto
661 2337 701 2394 illi
717 2338 912 2412 Apenninum,
928 2349 1010 2412 atque
1034 2338 1096 2396 illas

134 2417 250 2492 pruinas
265 2433 299 2472 ac
313 2415 401 2486 nives,
416 2415 575 2489 perferenti
595 2415 650 2472 nisi
670 2415 777 2471 idcirco
796 2429 827 2472 se
848 2412 961 2472 facilins
973 2415 1097 2472 hiemem

134 2493 303 2552 toleraturos
316 2501 425 2566 putant,
439 2489 515 2622 qudd
530 2493 601 2548 nudi
616 2493 646 2547 in
656 2492 793 2548 conviviis
807 2492 908 2548 saltare
923 2492 1095 2548 didicerunt.

135 2567 164 2623 Ο
177 2569 283 2623 bellum
294 2580 447 2640 magnaper
479 2569 748 2640 pertimescendum,
763 2565 831 2624 oum
844 2569 918 2624 hanc
932 2567 969 2624 sit
989 2568 1098 2626 habitu·

136 2663 185 2700 rus
200 2643 327 2700 Catilina
342 2653 499 2696 scortorum
514 2643 660 2696 cohortem
674 2643 848 2712 pretorium!
1111 2657 1146 2710 ³0
1203 2640 1209 2648 '

176 2719 231 2778 XI.
255 2717 390 2774 instruite
399 2735 485 2785 nunc,
493 2715 632 2785 Quirites,
642 2726 741 2772 contra
751 2716 865 2772 hastam
876 2717 1023 2791 praeclaras
1032 2719 1098 2776 Cat·

136 2799 213 2855 ilinae
225 2797 329 2870 copias,
342 2804 432 2849 vestra
445 2793 575 2866 praesidia
585 2803 745 2867 vestrosque
755 2795 912 2852 exercitus:
933 2805 962 2851 et
974 2792 1097 2869 piimiun

135 2873 282 2950 gladiatori
297 2871 336 2928 illi
351 2871 482 2928 consecto
496 2880 525 2926 et
537 2870 633 2926 saucio
647 2871 778 2927 consules
789 2869 1026 2946 imperatoresque
1036 2891 1096 2930 res·

135 2963 192 3008 tros
207 2949 357 3026 opponite:
379 2947 493 3016 deinde,
505 2957 603 3002 contra
617 2947 693 3003 illam
709 2947 911 3020 naufragorum
925 2949 1046 3022 ejectam
1060 2968 1095 3006 ac

136 3029 311 3084 debilitatam
330 3042 457 3098 manum,
478 3022 576 3078 florem
596 3023 685 3079 totius
705 3022 795 3078 Italiae
816 3041 851 3078 ac
871 3024 956 3080 robur
970 3025 1093 3081 educite.
1108 3043 1144 3096 35

136 3103 201 3160 Jam
221 3099 287 3158 verb
309 3101 393 3159 nrbes
411 3099 588 3156 coloniarum
602 3117 636 3154 ac
649 3098 870 3172 municipiorum
885 3099 1096 3173 respondebunt

136 3179 269 3234 Catilina
283 3177 398 3234 tumulis
417 3175 599 3231 silvestribus.
640 3174 743 3248 Neque
764 3171 830 3231 verb
851 3186 969 3232 caeteras
989 3175 1094 3250 copias,

139 3265 313 3322 ornamenta,
327 3253 459 3328 praesidia
472 3261 571 3321 vestra,
586 3269 652 3308 cum
667 3251 742 3307 illius
757 3251 874 3308 latronis
895 3252 992 3326 inopid
1012 3263 1095 3327 atque

139 3337 266 3400 egestate
276 3329 405 3382 conferre
417 3327 518 3386 debeo.
554 3327 622 3397 Sed,
633 3327 668 3397 si,
679 3328 791 3384 omissis
802 3329 847 3384 bis
857 3329 941 3384 rebus
952 3329 1094 3400 omnibus,

138 3401 243 3477 quibus
263 3417 316 3455 nos
336 3393 557 3472 suppedita'mus,
574 3413 641 3476 eget
661 3403 717 3472 ille,
737 3401 861 3476 (senatu,
873 3403 1015 3476 equitibus
1035 3403 1096 3462 Rc·
1109 3412 1142 3465 dd
1198 3462 1201 3468 ,

139 3479 242 3547 manis,
257 3475 372 3550 populo,
387 3473 468 3542 urbe,
481 3478 588 3544 erario,
602 3478 798 3551 vectigalibus,
811 3479 1022 3548 cunctd'Italia,
1032 3499 1094 3552 pro·

139 3554 243 3611 vinciis
263 3549 405 3620 omnibus,
419 3549 718 3625 exterisnationibus)
743 3552 778 3625 si,
797 3553 841 3610 bis
862 3555 949 3610 rebus
972 3555 1093 3624 omissis,

139 3633 215 3708 ipsas
235 3647 344 3698 causas,
359 3644 422 3700 quae
443 3625 518 3683 inter
531 3644 562 3682 se
582 3625 748 3700 confligunt,
761 3629 935 3686 contendere
954 3629 1091 3690 velimus3
1118 3677 1124 3688 ,

139 3713 176 3765 ek
191 3725 230 3764 eo
248 3701 422 3782 ipsorqatm
441 3698 524 3759 valde
545 3701 586 3760 illi
608 3701 733 3778 jaceant,
752 3704 912 3780 intelligere
935 3713 1094 3776 possamus·
1140 3711 1152 3772 ‚j

142 3913 191 3968 *a
