2516 4204
154 329 210 436 fite
452 374 693 426 culmorum.
710 339 910 426 subeuntur}

199 515 312 572 simum.
350 513 427 574 Quae
441 516 518 572 eninr
535 535 581 572 res
594 535 718 590 unquam
736 514 807 590 (pro,
822 523 919 572 sancte
933 507 1043 588 Jupiter
1052 509 1071 588 l)
1087 526 1134 566 nou

197 587 282 646 modo
304 590 334 646 in
348 591 403 646 hac
420 593 500 662 urbe,
520 593 569 650 sed
593 595 623 648 in
637 591 770 650 omnibus
782 591 871 660 terris,
892 601 934 646 est
948 599 1027 663 gesta
1043 583 1136 660 majori

197 684 260 738 qure
274 665 438 740 gloriosiori
458 687 520 740 quar
541 669 763 724 commendatior
776 668 830 724 erit
851 665 998 722 hominum
1011 661 1136 720 memoria

198 741 396 816 sempiternrel
427 741 462 798 In
478 745 561 818 hujus
579 763 626 818 me
646 754 677 800 tu
695 742 805 800 consilii
826 742 1002 810 societatem,
1020 751 1139 811 tanquam
1199 776 1201 782 a

165 817 230 878 5iu
244 836 348 890 equum
362 817 529 890 Trojanum,
542 839 608 876 cum
628 819 802 898 principibus
815 815 957 874 includis?
992 815 1059 872 Non
1071 829 1139 870 recu·
1156 842 1162 853 ι

198 911 249 948 so:
271 911 325 965 ago
338 894 422 948 etiam
442 895 557 965 gratias,
570 913 680 966 quoquo
701 895 795 948 animo
810 894 897 960 sacis.;
918 902 997 948 tanta
1011 891 1084 947 enim
1101 905 1140 942 res

197 976 249 1035 eet,
270 977 302 1023 ut
323 967 457 1024 invidiam
476 968 570 1038 istam,
588 987 673 1040 quam
690 978 721 1022 tu
741 970 772 1023 in
787 987 833 1024 me
850 965 1068 1038 vis'concitare,
1084 980 1139 1020 cum

196 1040 280 1098 laude
293 1061 352 1099 non
366 1061 534 1116 comparem.
1066 1045 1068 1052 '

232 1117 318 1178 Quid
332 1119 409 1174 enim
423 1119 531 1174 beatius
542 1119 606 1188 illis,
624 1138 693 1192 quos
707 1129 738 1174 tu
752 1118 882 1192 expulsos
896 1139 913 1174 a
932 1129 960 1176 te
973 1117 1106 1192 praedicas
1118 1123 1141 1170 et

147 1199 182 1251 10
197 1193 357 1266 relegatosl
376 1194 423 1265 qui
437 1195 516 1248 locus
528 1205 571 1249 est
584 1205 632 1249 aut
652 1205 709 1248 tam
724 1195 863 1263 desertus,
884 1205 932 1250 aut
945 1205 1002 1250 tam
1026 1195 1142 1250 inhuma-

195 1287 260 1336 nus,
285 1270 333 1340 qui
354 1269 427 1338 illos,
450 1266 505 1340 qud
531 1269 710 1338 accesserint,
732 1287 790 1324 non
813 1269 891 1324 affari
912 1281 996 1342 atque
1022 1279 1141 1344 appetere

196 1343 345 1400 uideatur‘l
365 1344 413 1416 qui
434 1344 561 1400 homiues
582 1355 639 1401 tam
661 1354 796 1418 agrestes,
816 1345 864 1418 qui
886 1364 927 1416 se,
949 1343 1017 1402 cirm
1037 1364 1083 1402 ecs
1102 1343 1142 1398 ad·

196 1420 348 1493 spexerint,
363 1437 420 1476 non
433 1421 586 1476 maximum
600 1421 709 1494 cepisse
724 1421 787 1476 vitae
804 1421 925 1477 fructum
938 1423 1062 1494 putentl
1087 1435 1142 1492 quar

197 1492 263 1552 verb
277 1506 334 1552 tam
349 1497 494 1554 immemor
515 1497 671 1572 posteritas,
685 1516 747 1570 quae
761 1507 819 1552 tam
840 1499 956 1572 ingrate
969 1498 1060 1566 literae¹
1070 1513 1142 1569 repe·

146 1580 181 1632 1⁵
196 1571 316 1643 nentur,
330 1592 391 1646 quae
405 1593 501 1629 eorum
515 1574 633 1666 gloriam
647 1574 931 1638 nonimmortalitatis
941 1573 1076 1638 uierhorid
1088 1589 1145 1646 pro·

196 1651 370 1718 sequamur?
404 1649 453 1704 Tu
467 1668 532 1704 vero
547 1651 675 1706 adscribe
690 1669 735 1706 mc
749 1649 834 1705 talem
850 1651 878 1704 in
892 1667 1047 1704 numerum.

234 1721 317 1778 xlv.
352 1724 409 1792 Sed
429 1743 515 1780 unam
536 1745 595 1781 rem
617 1745 721 1795 vereor,
742 1743 778 1780 ne
797 1743 852 1779 non
868 1723 974 1796 probes.
1016 1721 1145 1776 sienim

196 1795 322 1869 fuissem,
336 1817 395 1856 non
409 1797 499 1858 schim
518 1821 624 1878 regem,
639 1804 689 1858 sed
705 1819 820 1876 regnum
834 1799 927 1868 etiam,
948 1799 982 1852 de
1000 1797 1146 1871 republica
1225 1841 1226 1874 3

195 1875 389 1936 sustulissem:
409 1888 448 1948 et,
462 1878 486 1933 si
502 1897 582 1940 meus
596 1879 676 1950 stilus
685 1879 736 1947 ille¹
753 1877 863 1947 suisset,
876 1887 907 1944 ut
916 1933 919 1936 ,
928 1873 1040 1944 dicitur,
1065 1871 1145 1949 (mihi

70 2017 75 2028 x
144 1955 180 2008 20
196 1952 294 2026 crede)
317 1971 376 2008 non
399 1951 490 2008 solium
513 1956 722 2022 unumactum,
742 1953 793 2008 'sed
808 1949 1145 2021 totam'fabulam,confe·
1225 2003 1226 2016 ,

194 2025 306 2080 cissam.
346 2026 526 2096 Quanquam,
548 2029 572 2080 si
589 2027 709 2080 interfici
729 2027 871 2080 Cursarem
891 2025 1021 2095 voluisse,
1035 2017 1160 2091 ‘crimen'

194 2108 246 2168 est,
265 2099 338 2169 vide,
363 2118 466 2172 quaeso,
491 2101 609 2170 Antoni,
631 2100 697 2172 quid
721 2099 772 2156 tibi
794 2101 917 2155 futurum
944 2101 990 2172 sit,
1013 2121 1097 2175 quem
1119 2111 1145 2156 et
1225 2115 1226 2120 ’

119 2180 121 2183 ’
194 2173 330 2232 Narbone
354 2177 408 2233 hoc
432 2176 579 2232 consilium
602 2196 667 2233 cum
691 2177 725 2232 C.
740 2175 888 2233 Trebonio
910 2178 1020 2250 cepisse
1042 2177 1144 2235 notissi·
1225 2239 1226 2242 Ἴ

193 2270 272 2309 mum
286 2265 346 2321 est;
367 2263 405 2323 et,
419 2254 456 2310 ob
468 2254 529 2327 ejus
542 2255 654 2310 consilii
669 2253 842 2323 societatem,
863 2251 929 2308 clim
944 2255 1144 2330 interficeretur
1225 2279 1226 2284 ¹

143 2335 179 2388 25
194 2329 299 2396 Cesar,
322 2339 381 2383 tum
402 2339 431 2383 te
452 2349 469 2384 a
482 2329 628 2386 Trebonio
648 2331 769 2384 vidimus
793 2329 926 2384 sevocari.
967 2325 1144 2402 Egoauteni,

194 2401 271 2476 (vide
293 2400 377 2475 qudm
392 2412 487 2458 tecum
508 2423 589 2476 agam
603 2423 660 2459 non
682 2401 814 2477 inimice)
829 2402 904 2475 qubd
929 2402 1001 2460 bene
1017 2405 1143 2481 cogithsti
1225 2409 1226 2448 ἶ

193 2476 350 2550 aliquando,
375 2477 476 2534 laudo:
498 2475 574 2552 qudd
599 2498 655 2536 non
681 2479 823 2549 indicasti,
845 2479 949 2554 gratias
972 2497 1042 2553 ago:
1072 2479 1144 2556 qubd

192 2571 249 2610 non
264 2554 365 2626 fecisti,
379 2555 502 2630 ignosco.
542 2556 644 2613 Virum
658 2576 702 2614 res
716 2556 763 2612 illa
776 2555 926 2630 quaerebat.

231 2629 321 2692 Quod
343 2633 366 2690 si
393 2644 421 2690 te
442 2633 472 2690 in
491 2634 631 2710 judicium
653 2635 714 2710 quis
735 2634 865 2705 adducat,
888 2643 1057 2708 usurpetque
1079 2631 1145 2690 illud
1225 2637 1226 2698 Ϊ

143 2717 178 2772 3ο
194 2708 373 2782 Cassianum,
400 2730 448 2768 cm
477 2731 556 2768 soso
580 2733 706 2780 sucum
734 2711 808 2782 vide,
836 2729 939 2786 quaeso,
968 2729 1003 2766 ne
1031 2711 1143 2765 haereas.
1225 2767 1226 2786 χ

192 2785 366 2857 Quanquam
387 2787 455 2839 illud
469 2789 583 2856 quidem
599 2789 665 2857 ruit,
679 2799 710 2842 ut
727 2799 757 2841 tu
771 2789 896 2856 dicebas
917 2787 1047 2858 omuibus
1060 2785 1144 2854 bone,
1225 2793 1226 2858 l

192 2861 239 2930 qui
261 2859 362 2912 servire
383 2859 530 2924 nolebant3
550 2861 602 2912 tibi
623 2871 717 2915 tamen
739 2859 891 2932 praecipue,
913 2863 961 2933 qui
982 2882 1038 2918 non
1059 2857 1143 2918 modb

192 2949 249 2986 non
263 2929 359 2999 servis,
381 2930 430 2984 sed
444 2929 529 2984 etiam
543 2951 662 3006 regnas3
683 2933 730 3006 qui
743 2935 865 2989 maximo
885 2945 913 2990 te
928 2955 983 2992 aere
998 2939 1090 2994 alieno
1111 2938 1144 2994 ad
1225 2973 1226 2996 2

193 3005 282 3062 aedem
300 3004 373 3082 Opis
386 3005 527 3074 liberasti3
545 3009 602 3080 qui,
618 3028 668 3083 per
686 3010 800 3066 easdem
819 3010 937 3082 tabulas,
956 3013 1146 3070 innumerabi-
1225 3007 1226 3064 l

142 3092 177 3145 35
192 3081 247 3140 lem
269 3083 420 3158 pecuniam
443 3082 587 3156 dissipasti
595 3102 602 3149 ;
631 3087 666 3140 ad
686 3105 769 3160 quem
792 3104 808 3140 e
832 3087 916 3142 domo
940 3088 1061 3142 Caesaris
1087 3101 1145 3146 tam

193 3161 282 3216 multa
288 3157 386 3211 delata
399 3167 480 3221 sunt3
496 3158 576 3228 cujus
590 3160 689 3214 domus
701 3161 937 3230 quaestuosissima
954 3172 996 3216 est
1010 3162 1144 3222 falsorum

193 3230 456 3291 commentariorum
469 3240 498 3284 et
512 3231 760 3306 chirographorum
772 3235 899 3304 officina3
915 3255 1053 3311 agrorum,
1068 3243 1144 3318 oppi-

193 3311 302 3379 dorum,
318 3307 537 3377 immuuitatum,
550 3309 738 3383 vectigalium,
760 3309 983 3384 flagitiosissima
997 3317 1141 3374 nundine.

194 3384 309 3441 Etenim
329 3405 391 3460 quae
412 3405 457 3442 res
477 3385 594 3460 egestati
616 3396 646 3442 et
658 3387 706 3442 aeri
720 3385 812 3444 alieno
825 3398 882 3458 tuo,
904 3403 1004 3468 praeter
1026 3403 1141 3450 mortem

143 3473 178 3526 4ο
194 3461 325 3534 cesaris,
339 3463 490 3520 subvenire
502 3461 659 3537 potuissetl
910 3471 912 3476 '

233 3538 340 3596 Nescio
366 3539 434 3612 quid
462 3539 643 3598 conturbatus
669 3541 740 3597 mihi
768 3561 829 3598 esse
855 3539 966 3598 viddris.
1006 3542 1139 3617 Nunquid

195 3616 339 3683 subtimes,
361 3631 397 3670 ne
412 3617 447 3670 ad
461 3626 490 3671 te
512 3617 567 3672 hoc
581 3619 688 3673 crimen
706 3619 845 3691 pertinere
863 3617 1008 3674 videaturl
1040 3619 1140 3675 Libero

195 3704 224 3750 te
238 3702 331 3749 metu:
351 3706 435 3744 nemo
448 3691 544 3746 credet
557 3711 696 3766 unquam:
719 3713 776 3750 non
789 3703 831 3748 est
852 3703 929 3748 tuum
944 3695 979 3750 de
999 3693 1140 3768 republica

130 3809 135 3822 .
196 3765 270 3826 bene
286 3764 403 3826 mereri:
422 3763 506 3820 habet
521 3766 601 3822 istius
613 3769 794 3846 pulcherrimi
809 3767 875 3824 facti
890 3769 1057 3826 clarissimos
1069 3769 1140 3826 viros
