2516 4204
414 273 546 324 onemo
564 275 603 326 Ill
618 275 655 325 Μ.
671 275 870 328 nmmum.
1099 283 1154 342 lffi

143 420 218 479 risse
245 437 284 476 ne
307 425 338 474 tn
359 416 473 490 quidem
496 416 575 472 dicis.
616 417 657 473 At
681 415 781 474 Miloni
807 437 845 474 ne
871 418 962 476 lavare
988 419 1104 494 qnidam

142 495 242 573 potui:
261 491 339 568 priris
351 493 427 549 enim
442 510 503 548 rem
516 494 663 568 transegit,
676 492 761 567 quim
774 495 921 567 qnisquam
933 511 999 552 eom
1013 495 1104 571 suqil·

145 583 258 630 caretur
278 571 417 627 facturum
438 587 509 625 ease.
550 571 590 626 At
609 588 663 644 ago
682 572 768 626 suasi.
810 571 926 628 Scilicet
945 573 970 628 is
989 573 1102 630 animus

145 661 206 706 erat
219 647 347 718 Milonis,
361 657 393 703 ut
405 647 539 720 prodesse
553 647 716 720 reipublicae
727 647 789 704 sine
802 665 915 706 suasore
928 665 986 705 nou
999 659 1100 723 possea

142 729 184 784 At
196 727 308 782 letatus
328 743 401 780 sum.
442 722 523 784 Quid
538 725 626 798 ergol
646 724 676 779 in
690 723 769 780 tanti
789 723 886 780 leont
905 737 1017 782 cuncte
1036 727 1103 782 oiri-
1123 733 1141 787 lt

142 804 218 873 tatis,
232 821 279 858 me
293 819 386 858 unum
398 801 504 858 tristem
518 819 582 856 esse
595 801 760 874 oportebatl

183 879 361 951 Quanquam
375 877 411 934 de
423 888 510 934 morte
525 877 558 933 Ρ.
573 877 666 933 Clodii
681 877 733 934 suit
745 878 863 951 questio
882 895 942 936 non
957 879 1025 934 satia
1039 897 1102 952 pru-

147 957 249 1012 denter
271 955 318 1010 illa
337 955 447 1028 quidem
466 954 626 1012 constituta.
666 953 748 1013 Quid
776 955 851 1010 enim
872 955 1008 1012 attinebat
1029 955 1101 1012 nord

94 1097 97 1102 ,
148 1030 213 1104 lege
227 1031 311 1104 queri
325 1033 361 1087 de
375 1051 410 1088 eo
422 1032 470 1104 qui
484 1031 627 1087 hominem
641 1031 801 1101 occidisset,
821 1027 889 1087 cbm
903 1041 978 1087 asset
991 1031 1101 1106 legibus

147 1107 265 1180 quaetio
278 1108 449 1164 constitutal
468 1108 616 1181 quesitum
633 1118 677 1164 est
690 1117 794 1164 tamen·
834 1107 923 1168 Quod
936 1125 1014 1182 ergo,
1034 1105 1100 1164 cbm
1117 1111 1151 1168 lo

146 1201 192 1240 rea
212 1184 357 1257 agebatur,
378 1203 463 1241 nemo
476 1187 505 1240 in
525 1203 571 1242 ma
595 1185 684 1252 dixit;
706 1183 745 1256 id,
766 1194 809 1242 tot
822 1185 907 1240 annia
925 1181 998 1260 pdst,
1019 1196 1050 1241 tn
1069 1201 1101 1240 ae

145 1259 277 1317 inventus
289 1262 338 1334 qui
353 1263 483 1318 diceres'l

184 1334 275 1397 Quod
298 1357 370 1394 vero.
383 1339 480 1396 dicere
504 1355 589 1394 ausus
609 1355 650 1407 es,
674 1337 757 1412 idque
778 1338 873 1394 multis
892 1339 994 1410 verbis,
1013 1337 1099 1413 operi

146 1414 214 1470 med
227 1413 394 1487 Pompeium
408 1415 555 1470 aCaesaris
569 1415 694 1470 amicitiai
708 1433 770 1470 esse
781 1415 963 1488 disjunctum,
976 1416 1014 1470 ob
1023 1431 1100 1470 earn·

147 1508 204 1561 que
218 1507 335 1545 causam
347 1491 411 1545 meti
424 1491 505 1564 culpri
525 1491 607 1547 civile
622 1491 726 1547 bellum
740 1507 803 1546 esse
818 1500 929 1556 natum;
950 1491 980 1544 in
993 1509 1029 1546 eo
1043 1507 1100 1546 nott
1117 1491 1151 1546 lb

149 1576 181 1621 tu
205 1565 320 1638 quidam
339 1565 397 1622 totd
419 1585 460 1636 re,
480 1568 529 1622 sed
555 1566 642 1641 (qnod
663 1567 818 1622 maximum
841 1565 898 1640 sat)
919 1566 1100 1640 temporibua;

146 1642 256 1698 erristi.

187 1718 225 1774 X.
260 1719 322 1794 Ego
342 1717 383 1774 M.
405 1718 516 1788 Bibulo,
535 1718 768 1792 praestantissimo
789 1718 862 1790 cira,
882 1719 1007 1791 consule,
1030 1717 1099 1776 nihil

148 1795 325 1867 pretermisi,
353 1793 501 1868 (quantum
526 1795 619 1850 lacere
651 1795 776 1868 enitique
802 1795 895 1869 potui)
921 1797 989 1868 quin
1022 1796 1103 1850 Pom·

149 1871 247 1944 peinm
268 1890 286 1926 a
308 1870 429 1926 Cesaris
452 1870 650 1944 conjunctione
671 1887 825 1927 evocarem.
866 1867 901 1926 ln
924 1889 980 1944 quo
1006 1871 1103 1926 Cesar
1116 1869 1151 1926 li]

149 1947 203 2003 ibit
221 1947 346 2004 felicior:
366 1946 425 2020 ipsa
446 1947 521 2002 enim
537 1947 702 2022 Pompeium
720 1966 738 2003 a
754 1947 817 2002 med
839 1945 1027 2004 familiaritate
1048 1948 1103 2002 dia·

144 2023 246 2098 junxit
288 2024 390 2080 Postea
404 2020 469 2080 verti
485 2021 570 2097 qudm
585 2043 616 2080 se
629 2035 718 2081 totum
734 2023 885 2100 Pompeius
899 2023 1005 2081 Cesari
1019 2024 1103 2081 tradi·

110 2173 114 2179 Ι
147 2101 198 2171 dit,
219 2102 287 2176 quid
308 2119 362 2176 ego
383 2101 461 2156 illum
481 2101 517 2156 ab
529 2119 565 2157 eo
584 2102 738 2156 distrahere
762 2102 903 2156 conarerl
938 2101 1021 2156 Stulti
1043 2111 1103 2158 erat

147 2197 279 2251 sperare;
300 2178 429 2244 suadere,
443 2177 622 2249 impudentis.

188 2253 255 2309 Duo
281 2264 377 2308 tamen
402 2263 527 2325 tempora
552 2252 721 2324 inciderunt,
742 2253 845 2325 quibus
871 2251 976 2324 aliquid
1005 2261 1103 2307 contra
1116 2249 1152 2306 28

150 2327 293 2385 Cesaram
320 2328 454 2402 Pompeio
481 2329 624 2385 suaserim.
670 2328 713 2386 Ea
740 2329 823 2385 velim
851 2329 1050 2402 reprehendas,
1078 2327 1102 2384 si

146 2417 245 2480 potes:
266 2423 365 2474 unum,
381 2423 417 2460 ne
430 2405 617 2477 quinquennii
638 2405 787 2478 imperinm
801 2405 906 2462 Caesari
920 2415 1101 2480 prorogaret3

147 2484 277 2551 alterum,
296 2501 333 2538 ne
346 2491 487 2554 pateretur
509 2480 584 2550 sarri,
597 2492 629 2536 ut
643 2482 766 2538 absentia
779 2482 840 2555 ejus
860 2483 930 2538 ratio
943 2483 1101 2538 haberetur.

148 2557 282 2616 Quorum
294 2558 318 2611 si
331 2557 466 2611 utrumvis
482 2557 692 2628 persuasissem,
706 2558 736 2613 in
751 2559 801 2613 lias
820 2558 946 2614 miserias
959 2575 1103 2630 nunquam

148 2633 361 2691 incidissemus.
402 2631 497 2702 Atque
519 2629 594 2686 idem
613 2649 676 2705 ego,
697 2631 763 2690 cbm
791 2634 845 2690 ‘am
869 2650 967 2688 omnes
987 2651 1054 2704 opes
1074 2643 1104 2688 et
1118 2631 1153 2685 θ]

147 2729 215 2804 susp
236 2719 267 2764 et
289 2707 385 2782 populi
407 2705 535 2796 llomani·
552 2707 701 2782 Pompeius
721 2711 756 2766 ad
780 2653 921 2804 dmparem
942 2707 1102 2796 detulisset3

148 2781 1104 2938 misitntllttlssttzl.tttttttlttlltttllt

145 2941 259 3010 cordiae,
280 2939 503 3013 compositionis,
518 2950 615 2996 auctor
633 2959 696 2996 esse
714 2957 771 2996 non
792 2940 903 2996 destiti:
924 2957 1042 3012 meaque
1056 2939 1103 2996 illa

145 3037 198 3076 roa
212 3029 256 3074 est
269 3028 339 3073 uota
349 3015 461 3072 multis:
483 3019 500 3044 “
510 3015 634 3086 Utinam,
647 3017 702 3074 Gn.
719 3015 846 3088 Pompei,
861 3033 926 3069 cum
940 3013 975 3068 C.
990 3015 1103 3071 Cesare
1118 3013 1154 3067 85

143 3097 309 3154 societatem
331 3105 380 3150 aut
393 3109 538 3165 nunquam
558 3092 675 3164 coisses,
691 3102 740 3148 aut
759 3107 905 3164 nunquam
922 3090 1101 3145 diremissesl

145 3173 200 3228 luit
212 3173 332 3228 alterum
345 3169 499 3246 gravitatis,
515 3171 632 3227 alterum
645 3169 803 3244 prudentio
817 3168 902 3224 tute.”
943 3167 1016 3224 Hanc
1030 3181 1103 3237 mea,

147 3246 190 3302 M.
206 3248 326 3316 Antoni,
345 3264 455 3322 semper
474 3257 503 3302 et
516 3249 551 3304 de
572 3246 709 3320 Pompeio
729 3246 807 3301 etde
827 3244 971 3318 republicd
985 3241 1104 3316 consilia

148 3323 283 3389 suerunt3
304 3341 366 3396 qum
379 3324 403 3378 si
423 3324 587 3394 valuissent,
605 3321 764 3396 respublica
777 3329 880 3388 staret;
901 3329 943 3390 tu,
957 3322 1013 3376 tuis
1027 3319 1105 3394 flagi-

147 3400 207 3468 tiis,
221 3409 356 3472 egestate,
371 3399 496 3470 insumit,
510 3401 693 3459 concidisses.
1118 3395 1155 3447 40

186 3475 244 3532 ΧΙ.
280 3476 337 3532 Sed
358 3477 419 3532 haeo
438 3488 547 3534 vetere:
569 3476 638 3533 illud
660 3470 726 3528 verb
746 3488 857 3542 recens,
877 3472 1020 3530 Oaesarem
1039 3489 1105 3528 meo

144 3553 270 3612 consilio
294 3550 480 3610 intersectum.
521 3553 586 3610 lam
612 3567 719 3617 vereor,
748 3549 845 3604 Patres
867 3549 1039 3624 conscripti,
1067 3563 1105 3630 ηρ

145 3631 238 3708 (quod
261 3630 455 3703 turpissimum
469 3629 526 3704 est)
547 3627 788 3703 prevaricatorem
802 3625 871 3682 milri
892 3625 1054 3700 apposuisse
1067 3633 1106 3667 vr-

144 3709 223 3780 dear,
245 3706 295 3782 qui
317 3724 438 3766 menon
460 3703 553 3761 soldrn
573 3703 645 3760 meis
663 3701 793 3758 laudibus
810 3711 931 3767 ornaret,
950 3697 999 3749 sed
1019 3686 1104 3737 etim
