2542 4212
358 321 485 370 ovano
502 321 568 370 ruo
585 321 674 372 usos
691 323 854 374 usurum.
1105 329 1146 390 40

121 459 300 540 diligentius,
315 480 363 518 rer
376 460 437 535 ipse
456 480 473 518 e
492 463 623 520 manibus
644 465 749 540 effugit
792 465 837 524 Ita
853 467 930 524 illum
949 467 979 524 in
1001 485 1095 544 perse-

120 543 232 615 quendi
247 539 339 596 studio
353 557 464 608 moeror,
479 539 530 595 lros
543 539 649 612 letitie,
663 543 822 599 retardavit.

165 619 263 687 Hunc,
278 617 308 672 in
331 616 378 672 illo
399 615 499 672 timore
524 617 652 692 etsugd,
681 617 835 694 Tigranes,
857 639 906 677 rex
926 622 1091 694 Armenius,

122 696 244 770 excepit,
259 693 490 766 diffidentemque
513 694 599 750 rebus
620 695 682 750 suis
703 696 890 768 confirmavit,
903 708 934 754 et
956 699 1091 758 afflictum

123 774 220 843 erexit,
231 772 428 847 perditumque
442 771 587 827 recreavit
630 771 722 846 Cujus
736 773 765 828 iu
780 793 899 849 regnum
912 785 1092 850 posteaquam
1124 785 1142 837 5

122 849 156 906 L.
171 849 309 906 Lucullus
324 866 390 903 cum
405 848 531 904 exercitu
548 849 635 919 venit,
650 849 745 922 plures
765 851 850 906 etiarn
872 863 973 926 gentes
994 863 1093 910 contre

124 928 325 1000 imperatorem
335 935 459 980 nostrum
468 925 616 982 concitate
627 937 701 982 sunt.
734 925 888 984 Eratenim
899 930 1092 1004 metusinjec·
1154 979 1157 992 .

125 1015 172 1059 tus
191 1004 227 1060 iis
246 1002 415 1071 nationibus,
429 1021 498 1075 quas
520 1021 665 1076 nunquam
685 1003 804 1077 populus
824 1003 973 1062 &manus
996 1025 1090 1080 neque
1146 1001 1152 1064 ⁴.

124 1080 303 1136 lacessendas
326 1079 397 1135 bello
410 1098 501 1152 neque
515 1081 664 1136 tentandas
680 1081 796 1154 putavit
838 1081 907 1138 Eret
927 1083 1013 1138 etiam
1035 1084 1091 1140 alis

121 1159 215 1232 gravis
229 1169 314 1230 atque
328 1157 481 1212 vehemens
494 1157 599 1230 opinio,
614 1176 676 1230 que
690 1175 740 1232 per
756 1158 866 1214 enimes
886 1160 1015 1233 gentium
1030 1159 1091 1216 bar·
1106 1167 1141 1220 10

123 1235 252 1291 betarum
275 1244 443 1308 pervaserat,
458 1234 516 1290 fani
537 1233 749 1308 locupletissimi
763 1245 793 1290 et
806 1235 1010 1309 religiosissimi
1024 1236 1090 1293 diri·

121 1313 217 1386 piendi
239 1312 329 1368 cause
348 1312 440 1368 ineas
452 1331 516 1368 oras
537 1322 667 1368 nostrum
678 1313 834 1368 exercitum
849 1331 911 1368 esse
925 1313 1087 1370 adductum.

120 1389 165 1446 Ita
175 1390 306 1446 nationes
317 1388 411 1444 multae
423 1399 506 1462 atque
517 1407 626 1463 magne
637 1407 709 1446 novo
719 1389 839 1462 quodam
850 1399 954 1446 terrore
966 1408 1000 1446 ac
1012 1401 1088 1446 metu

120 1467 346 1524 concitabantur.
378 1465 481 1522 Noster
493 1477 585 1522 autem
595 1467 746 1536 exercitus,
757 1467 810 1522 etsi
825 1467 924 1522 urbem
937 1485 973 1522 ex
986 1465 1089 1541 Tigra·

120 1544 169 1600 nis
182 1563 273 1618 regno
287 1553 410 1616 ceperat,
422 1553 453 1598 et
465 1543 570 1616 proeliis
583 1561 651 1598 usus
664 1553 724 1599 erat
735 1543 880 1612 secundis,
890 1553 985 1599 tamen
997 1543 1086 1600 nimid
1104 1556 1138 1608 15

120 1620 330 1694 longinquitate
350 1619 484 1689 locorum,
501 1637 535 1675 ac
553 1619 693 1676 desiderio
710 1639 836 1690 suorum,
850 1619 1086 1678 commovebatur.

160 1697 221 1754 Hic
232 1698 291 1772 jam
306 1698 388 1772 plura
401 1715 457 1753 non
474 1697 576 1753 dicam.
618 1697 686 1754 Fuit
698 1697 776 1754 enim
790 1697 859 1754 illud
874 1707 1041 1768 extremum,
1055 1707 1087 1754 ut

120 1793 157 1832 ex
170 1776 206 1832 iis
219 1776 291 1832 locis
304 1795 322 1830 a
335 1775 472 1830 militibus
487 1775 590 1832 nostris
611 1775 719 1830 reditus
740 1775 831 1848 magis
852 1785 989 1844 maturus,
999 1772 1085 1848 qudm

119 1852 265 1926 processio
286 1851 406 1924 longior,
419 1862 598 1923 quereretur.
640 1849 819 1908 Mithridates
840 1862 934 1908 autem
958 1861 987 1906 et
1007 1867 1087 1906 suam

120 1947 239 1985 manum
249 1928 310 2003 jam
325 1927 519 1996 confirmarem
540 1939 569 1984 et
583 1945 680 1984 eorum
697 1929 742 2002 qui
757 1933 787 1986 'se
804 1947 840 1985 ex
853 1928 915 2004 ejus
928 1945 1017 2002 regno
1030 1927 1087 1984 col·
1101 1927 1137 1982 20

119 2006 256 2082 legerant,
279 2016 309 2061 et
329 2005 441 2080 magnis
464 2005 632 2062 adventiciis
654 2006 804 2064 multorum
826 2025 925 2080 regum
948 2015 977 2062 et
998 2003 1087 2062 natio·

120 2102 198 2154 num,
208 2083 298 2159 copiis
304 2083 461 2158 juvabatur.
491 2083 556 2140 Hoc
562 2083 621 2158 jam
631 2080 689 2140 fere
699 2084 740 2140 sic
750 2084 810 2140 fieri
819 2081 1085 2157 solereacoepimus,
1168 2085 1171 2092 ’

119 2173 148 2218 ut
158 2181 264 2238 regum
279 2161 390 2217 afflicte
405 2161 522 2217 fortune
546 2157 631 2218 facile
652 2162 803 2218 multorum
821 2180 889 2235 opes
907 2159 1031 2216 alliciant
1049 2161 1086 2216 ed

118 2240 353 2307 misericordiam,
364 2235 543 2312 meximeque
557 2257 665 2308 eorum,
679 2239 726 2311 qui
741 2249 789 2294 aut
803 2257 885 2312 reges
899 2247 974 2306 sunt,
985 2245 1034 2291 aut
1047 2236 1086 2291 vi·

119 2328 190 2372 vunt
203 2317 234 2372 in
249 2334 356 2390 regno;
376 2311 452 2388 quod
467 2315 561 2389 regale
575 2315 611 2370 iis
629 2333 732 2372 nornen
755 2333 890 2390 magnum
906 2323 934 2370 et
953 2321 1084 2368 sanctum
1098 2323 1134 2376 25

117 2411 181 2450 esse
196 2393 332 2450 videatur.
374 2391 472 2466 ltaque
487 2403 596 2448 tantum
612 2393 702 2448 victus
712 2392 826 2448 efficere
837 2391 936 2466 potuit,
947 2399 1083 2464 quantum

116 2471 268 2529 incolumis
281 2489 427 2544 nunquam
441 2481 484 2526 est
497 2489 583 2526 ausus
602 2481 707 2544 optare.
748 2468 835 2540 Nam,
849 2466 916 2525 clun
930 2487 960 2524 se
975 2468 1004 2524 in
1023 2485 1084 2542 reg·

116 2567 188 2606 num
197 2549 352 2622 recepisset
365 2566 459 2616 suurn,
473 2567 532 2604 non
546 2547 599 2603 luit
612 2565 648 2602 eo
667 2557 817 2604 contentus
837 2545 912 2620 quod
934 2545 961 2601 ei
982 2555 1083 2619 praeter

94 2633 99 2644 ”
116 2643 199 2700 spem
214 2625 368 2692 acciderat,
381 2633 413 2678 ut
426 2624 514 2691 illam,
527 2633 708 2695 posteaquam
720 2624 816 2699 pulsus
830 2633 900 2692 erat,
914 2632 1017 2678 terram
1031 2639 1083 2678 un·

115 2721 202 2777 quam
227 2700 397 2773 attingerem
426 2699 476 2756 sed
499 2699 529 2754 in
553 2699 707 2754 exercitum
726 2713 856 2770 vestrum,
870 2699 978 2756 clarum
999 2707 1081 2770 atque
1096 2698 1133 2750 30

115 2781 266 2847 victorem,
281 2777 419 2850 impetum
434 2775 508 2831 fecit.

157 2856 251 2912 Sinite
266 2853 407 2924 hocloco,
428 2852 567 2924 Quirites,
584 2851 670 2928 (sicut
683 2859 774 2930 poetae
789 2855 889 2926 solent,
903 2853 950 2929 qui
965 2870 1010 2910 res
1023 2849 1082 2910 Ro·

114 2953 214 2992 manas
236 2931 380 3009 scribunt)
406 2931 548 3006 preterire
572 2950 618 2988 me
641 2943 765 2990 nostram
793 2933 1080 3005 calamitatemque

105 3013 191 3070 'tenta
205 3011 268 3082 fuit,
279 3020 311 3066 ut
324 3028 388 3065 eam
403 3009 439 3064 ad
453 3027 534 3064 aures
547 3007 580 3064 L.
592 3009 705 3066 Luculli
720 3029 777 3066 non
792 3029 828 3065 ex
840 3009 940 3083 proelio
954 3009 1080 3078 nuntius,

113 3091 162 3146 sed
175 3109 212 3147 ex
225 3105 360 3146 sermone
374 3105 478 3156 rumor,
493 3085 611 3142 afferret.
653 3085 722 3156 Hic,
737 3087 767 3142 in
782 3087 843 3159 ipso
856 3085 903 3140 illo
923 3083 1005 3151 malo,
1019 3101 1081 3155 gra·
1094 3087 1130 3140 35

112 3167 282 3241 vissimdque
296 3164 363 3220 belli
377 3163 543 3234 offensione,
559 3163 591 3220 L.
607 3163 755 3234 Lucullus,
766 3163 814 3236 qui
829 3173 924 3219 tamen
936 3157 1029 3232 aliqud
1043 3176 1079 3214 ex

112 3255 191 3317 parte
205 3245 241 3299 iis
256 3242 445 3316 incommodis
463 3241 571 3298 mederi
592 3241 708 3298 sortasse
728 3240 874 3314 potuisset,
890 3247 981 3294 vestro
998 3234 1079 3310 jussu

113 3329 241 3387 coactus,
254 3317 343 3393 (qudd
358 3319 468 3393 imperii
482 3318 660 3374 diuturnitati
674 3317 792 3372 modum
803 3313 982 3372 statuendum
992 3311 1080 3369 veteri

112 3394 248 3469 exemplo
267 3396 426 3470 putavistis)
441 3407 548 3469 partem
565 3395 697 3463 militum,
712 3393 760 3466 qui
773 3391 831 3464 jam
847 3389 994 3462 stipendiis
1014 3407 1080 3446 con·

112 3469 197 3548 sectil
216 3481 308 3540 erant,
323 3471 438 3542 dimisit,
451 3484 560 3547 partem
572 3471 721 3528 Glabrioni
736 3467 858 3524 tradidit.
900 3463 993 3521 Multa
1008 3483 1080 3540 pre·
1094 3473 1129 3524 40

111 3561 190 3608 tereo
212 3545 359 3606 consultd:
381 3549 431 3604 sed
451 3569 553 3607 cavos
575 3543 740 3620 conjecture
761 3542 929 3616 perspicitis,
943 3553 1079 3616 quantum

112 3629 180 3686 illud
197 3626 305 3683 bellum
321 3623 473 3704 [futurum]
488 3625 603 3702 putetis,
614 3621 688 3695 quod
702 3619 877 3694 conjungant
886 3639 968 3695 reges
981 3628 1080 3693 poten·

110 3705 220 3777 tissimi,
235 3713 375 3762 renovent
389 3705 501 3778 agitate
516 3702 655 3766 nationes,
667 3696 823 3770 suscipiant
836 3697 955 3769 integre
968 3702 1079 3766 gentes.

110 3801 198 3842 novus
211 3784 366 3858 imperator
381 3791 474 3838 vester
488 3777 619 3848 accipiat,
633 3782 727 3828 vetere
739 3773 821 3846 pulso
833 3771 968 3826 exercitu.
