2542 4212
159 340 198 398 ω
416 332 546 382 onnrro
561 330 631 380 ano
647 328 744 380 naen
761 325 953 380 narornno.

209 474 373 541 audiebam;
394 492 451 530 non
466 483 523 530 tam
537 473 669 529 afflictam
682 471 789 546 regiam
810 469 1003 528 conditionem
1026 463 1150 536 dolebam,

207 549 293 625 quim
307 551 343 606 de
357 550 475 606 fortunis
498 550 698 607 communibus
722 547 947 604 extimescebam.
988 542 1071 614 Nam,
1084 539 1151 611 crim,

208 645 286 683 more
300 626 446 701 majorum,
460 627 497 682 de
511 644 592 682 servo
606 626 636 681 in
651 624 807 694 dominum,
821 643 858 680 ne
871 621 1019 680 tormentis
1042 617 1152 693 quidem,

208 703 297 776 queri
310 703 395 759 liceat
409 701 453 778 (in
466 703 523 777 quai
543 702 698 776 questione
721 701 801 758 dolor
824 717 917 756 reram
941 715 1041 754 vocem
1063 695 1153 752 elicere

176 779 298 854 5possit
317 780 403 836 etiam
424 780 460 835 ab
480 779 597 855 invito);
619 775 731 834 eiortus
750 787 793 833 est
820 795 927 846 servus,
947 775 1007 848 qui,
1027 789 1105 847 quem
1128 770 1153 826 in

209 856 331 928 equuleo
345 855 482 928 appellare
496 874 554 910 non
568 865 672 926 posset,
678 872 743 908 eum
757 863 904 910 accusaret
917 851 1035 908 solutus.

248 929 288 984 II.
329 930 478 985 Perturbat
487 948 542 998 me,
556 929 609 984 Cei
621 929 726 998 Caesar,
738 929 823 984 etiam
834 929 902 985 illud
913 929 1072 994 interdum;
1091 922 1155 998 quad

209 1017 314 1075 tamen,
329 1003 397 1061 cirm
420 1016 448 1061 te
470 1002 584 1079 penitius
607 1005 765 1078 recognovi,
779 1005 879 1060 timere
902 1005 1019 1062 desino:
1039 1021 1069 1060 re
1090 1000 1155 1057 enirn

211 1081 340 1155 iniquum
354 1092 406 1151 est,
418 1082 468 1138 sed
483 1081 532 1136 turi
547 1081 685 1155 sapientia
695 1081 726 1136 lit
739 1081 940 1154 aequissimum.
983 1079 1058 1136 Nam
1071 1078 1156 1134 dicere

160 1163 195 1216 10
211 1159 286 1232 apud
301 1177 366 1214 eum
379 1159 414 1213 de
429 1157 561 1227 facinore,
573 1168 669 1214 contra
681 1157 763 1230 cujus
774 1159 859 1213 vitam
869 1153 1022 1214 consilium
1036 1152 1157 1213 facinoris

200 1229 298 1290 'inisse
317 1251 442 1325 arguare,
457 1233 480 1287 si
503 1251 553 1306 per
576 1233 700 1306 seipsum
724 1234 895 1304 consideres,
909 1253 994 1307 grave
1008 1243 1066 1290 est:
1086 1245 1159 1287 nemo

210 1309 287 1365 enim
303 1309 362 1364 lere
376 1319 428 1378 est,
442 1309 500 1380 qui,
515 1309 559 1363 sui
570 1308 690 1382 periculi
701 1307 798 1382 judex,
812 1319 869 1366 non
884 1311 938 1365 sibi
962 1329 995 1366 se
1019 1309 1159 1382 aequiorem

196 1383 295 1459 ¹qudrn
309 1403 357 1440 reo
375 1385 504 1459 praebeat.
546 1383 675 1462 Sedtua,
690 1383 744 1441 Cai
769 1385 875 1456 Caesar,
888 1397 1026 1460 prestans
1050 1381 1161 1467 singula·

210 1461 304 1535 risque
319 1471 420 1531 natura
434 1461 510 1516 hunc
525 1461 595 1518 milri
609 1472 716 1517 metum
726 1461 837 1518 minuit.
878 1461 945 1518 Non
960 1463 1038 1519 enim
1061 1473 1117 1518 tam
1135 1455 1181 1513 t1·'
1238 1497 1239 1516 r

163 1545 196 1597 15
212 1557 285 1609 mec,
299 1539 366 1612 quid
380 1549 411 1594 tu
429 1537 464 1594 de
488 1519 562 1612 iege
580 1537 723 1608 Deiotaro,
736 1535 821 1612 qubrn
843 1539 978 1612 intelligo,
992 1539 1061 1612 quid
1084 1537 1119 1593 de
1139 1544 1162 1590 te

212 1626 328 1671 ceteros
343 1615 411 1670 velis
422 1614 558 1688 judicare.
598 1612 715 1670 Moveor
729 1615 813 1671 etiam
826 1615 883 1670 loci
904 1615 991 1686 ipsius
1012 1610 1163 1680 insolentii,

189 1761 192 1768 ι
212 1688 289 1763 qudd
302 1696 409 1745 tantam
429 1707 553 1759 causam,
567 1699 671 1760 quanta
683 1689 760 1744 nulla
773 1707 896 1762 unquam
915 1691 945 1744 in
966 1691 1165 1762 disceptatione

187 1823 190 1830 ,
212 1776 321 1822 versata
334 1775 385 1836 est,
397 1765 461 1820 dico
479 1765 552 1820 intra
566 1764 734 1821 domesticos
743 1764 873 1838 parietes,
885 1765 949 1822 dico
963 1775 1042 1822 extra
1052 1782 1167 1821 conven-

213 1853 274 1900 tum
287 1854 315 1899 et
328 1861 391 1898 earn
406 1842 600 1915 frequentiam,
615 1841 645 1898 iu
660 1841 716 1917 qui
730 1852 871 1900 oratorum
885 1842 977 1898 studia
991 1842 1045 1898 niti
1066 1842 1165 1898 solent:

162 1922 198 1978 20
214 1921 244 1978 in
268 1921 325 1976 tuis
347 1919 446 1988 oculis,
471 1919 500 1974 in
522 1930 571 1976 tuo
593 1937 641 1974 ore
665 1919 807 1992 vultuque,
831 1919 998 1992 acquiesco:
1032 1929 1060 1975 te
1084 1934 1164 1974 unum

183 1997 186 2004 '
213 1997 340 2051 intueor:
362 1995 397 2050 ad
412 2007 439 2050 te
456 2013 544 2048 unum
564 1995 657 2049 omnis
675 2013 741 2050 mea
762 2005 870 2066 spectat
889 1996 997 2052 oratio:
1018 2015 1081 2069 quae
1103 1992 1165 2050 milri

213 2071 250 2126 ad
273 2087 351 2142 spem
375 2069 536 2124 obtinenda
563 2069 687 2124 veritatis
713 2071 876 2142 gravissima
903 2082 979 2142 sunt,
1004 2074 1040 2129 ad
1066 2081 1165 2128 motum

214 2146 311 2216 animi,
326 2155 355 2201 et
369 2145 403 2200 ad
417 2162 530 2202 omnem
552 2144 688 2218 impetum
709 2145 833 2217 dicendi,
847 2149 1122 2224 contentionemque,
1134 2147 1167 2202 le·

215 2241 300 2288 viora.

163 2305 199 2360 25
255 2302 341 2358 Hanc
354 2301 441 2371 enirn,
455 2301 509 2357 cai
524 2301 630 2372 Cacsar,
644 2320 758 2358 causam
775 2301 799 2360 si
813 2302 843 2359 in
859 2302 918 2360 soro
928 2303 1062 2375 dicerem,
1073 2302 1167 2360 eodem

216 2379 348 2434 audiente
362 2388 391 2431 et
406 2378 580 2449 disceptante
596 2389 633 2446 te,
647 2389 781 2449 quantam
795 2379 865 2434 mihi
885 2379 1057 2436 alacritatem
1078 2377 1168 2454 populi

167 2451 169 2455 ’
216 2451 343 2508 Romani
357 2469 514 2507 concursus
539 2452 664 2508 afferret!
703 2452 780 2513 Quis
804 2454 881 2509 enirn
905 2455 1015 2510 civisci
1029 2457 1089 2528 regi
1117 2471 1169 2512 non

88 2563 89 2568 κ
168 2603 170 2607 y
214 2528 331 2598 ¹faveret,
345 2527 426 2603 cujus
440 2547 553 2585 omnem
568 2529 679 2586 estatem
693 2529 833 2604 in'pcpuli
855 2529 980 2588 Romam
1005 2531 1087 2587 bellis
1110 2549 1170 2588 cen-

217 2617 357 2681 sumptam
381 2625 442 2662 esse
469 2606 663 2664 meminissetl
704 2604 869 2682 Spectarem
892 2609 1022 2676 curiam;
1052 2609 1170 2665 intuerer

166 2698 202 2752 30
218 2684 325 2752 sorum3
347 2684 449 2740 coelum
460 2677 582 2758 denique
590 2695 706 2742 testarer
717 2684 820 2758 ipsum,
860 2685 920 2756 Sic,
931 2683 998 2742 cirm
1011 2696 1040 2742 et
1049 2685 1172 2742 Deorum

218 2761 425 2828 immortalium,
440 2771 468 2815 et
480 2761 575 2832 populi
591 2760 770 2827 Romani-et
781 2763 905 2831 senatuis,
921 2762 1057 2820 benelicia
1081 2763 1111 2818 in
1134 2777 1172 2815 re·

216 2856 283 2910 gem
296 2836 462 2888 Deiotarum
483 2834 654 2901 recordarer,
668 2834 747 2888 nullo
767 2837 851 2892 modo
870 2838 940 2890 mihi
961 2839 1061 2895 deesse
1081 2845 1172 2912 posset

216 2911 314 2964 oratic.
354 2905 430 2964 Quae
444 2907 577 2977 quoniam
592 2907 751 2979 angustiora
771 2909 890 2980 parietes
915 2910 1032 2980 faciunt,
1047 2915 1172 2986 actioque

217 3001 312 3040 cause
331 2978 454 3038 maxime
475 2981 635 3038 debilitatur
656 2982 734 3050 loco;
754 2992 835 3039 tuum
861 2994 913 3055 est,
937 2983 1043 3056 Caesar,
1057 2987 1104 3059 qui
1125 2991 1174 3062 pr'o

168 3067 204 3118 35
219 3061 314 3118 multis
328 3078 401 3134 saepe
409 3059 519 3128 dixisti,
530 3059 597 3131 quid
611 3077 688 3114 nunc
709 3059 779 3116 milri
796 3061 891 3117 'animi
912 3061 957 3130 sit,
972 3063 1007 3117 ad
1031 3072 1059 3118 te
1083 3063 1173 3137 ipsum

219 3139 338 3203 referre;
360 3153 415 3206 quo
429 3133 540 3189 facilins
554 3146 613 3190 tum
629 3135 744 3208 aequitas
757 3147 815 3205 tua,
826 3148 886 3194 tum
900 3138 1033 3194 audiendi
1058 3139 1174 3214 diligen·

219 3217 268 3283 tia,
282 3213 390 3267 minuat
403 3209 476 3264 hanc
489 3211 728 3281 perturbationem
740 3229 840 3270 meam.

260 3287 327 3358 Sed,
342 3295 490 3358 antequam
504 3285 540 3340 de
553 3287 734 3343 accusatione
748 3287 809 3361 ipsit
832 3289 906 3361 dico,
920 3291 956 3347 de
980 3304 1171 3352 accusatorum

221 3384 270 3439 spe
282 3382 374 3439 pauca
388 3363 496 3419 dicam:
517 3361 565 3435 qui
579 3357 645 3418 cum
659 3363 806 3420 videantur
829 3385 921 3440 neque
945 3365 1063 3444 ingenio
1085 3363 1172 3444 neque

85 3449 87 3454 ’
171 3447 206 3502 4ο
221 3460 275 3496 usu
289 3452 371 3515 atque
382 3439 582 3497 exercitatione
596 3457 689 3496 rerum
702 3439 805 3513 valere,
814 3453 908 3513 tamen
920 3446 955 3502 ad
967 3446 1042 3508 hanc
1053 3464 1172 3515 causam,

222 3536 279 3574 non
293 3519 354 3573 sine
369 3515 462 3588 alique
476 3535 524 3590 spe
538 3527 568 3572 et
581 3517 763 3590 cogitatione,
778 3531 923 3578 venerunt.
1022 3562 1025 3568 ·
1047 3565 1052 3576 ,
1115 3585 1117 3590 .

161 3641 163 3646 .
261 3593 316 3648 III.
357 3591 463 3647 Iratum
487 3603 515 3647 te
538 3593 598 3668 regi
622 3593 754 3652 Deiotaro
774 3595 860 3652 fuisse
880 3613 937 3652 non
961 3609 1042 3656 erant
1069 3597 1172 3655 nescii:

223 3670 353 3727 affectum
368 3667 445 3722 illum
456 3665 623 3738 quibusdam
634 3669 823 3728 incommodis
832 3682 861 3728 et
871 3671 1056 3745 detrimentis,
1066 3685 1173 3748 propter

222 3745 406 3804 offensionem
422 3740 509 3796 animi
522 3743 574 3813 tui,
588 3745 790 3802 meminerantt
811 3757 893 3820 teque
906 3745 974 3806 ciam
983 3749 1051 3806 huic
1066 3751 1172 3819 iratum,
