2542 4212
359 285 493 336 ORATIO
510 286 580 336 PRO
596 285 694 338 REGE
711 287 903 340 DEIOEARO.
1118 291 1158 352 80

142 427 277 488 omniurn
290 427 489 502 imperatorum
505 429 541 485 de
555 429 692 486 Deiotaro
706 429 820 490 decreta
833 431 946 488 deleret
988 432 1038 488 Ab
1049 449 1108 489 om·

143 506 231 563 nibus
254 503 330 560 enim
352 504 396 560 his
416 515 533 561 ornatus
554 517 606 576 est,
628 507 685 579 qui,
707 517 853 582 postquam
874 510 903 565 in
923 509 1023 565 castris
1045 527 1107 566 esse

143 583 238 658 potnit
250 600 300 656 per
314 591 434 651 atatem,
450 582 480 638 in
496 583 579 652 Asia,
601 583 795 657 Cappadooit,
810 584 912 655 Ponto,
927 585 1042 655 Cilicia,
1057 585 1107 662 sy-

144 659 198 730 rit,
214 658 286 714 bella
299 669 457 733 gesserunt.
493 659 616 716 Senatirs
630 657 696 716 verd
709 660 817 734 judicia
830 661 865 718 de
881 661 928 718 illo
940 673 997 718 tam
1008 663 1106 734 multa,

142 745 256 810 tamque
270 735 435 806 honorifica,
449 753 511 809 quae
524 735 649 811 publicis
661 737 757 811 populi
773 737 896 794 Romani
911 737 999 794 literis
1012 755 1107 794 monu-
1123 741 1140 798 b

145 814 307 886 mentisque
321 813 486 886 consignata
500 823 576 882 sunt,
587 832 650 886 qua·
664 831 788 886 unquam
802 825 923 870 vetustas
938 815 1049 884 obruet,
1060 825 1107 873 aut

145 907 210 963 quac
220 900 301 946 tanta
312 889 416 944 delebit
428 889 548 946 obliviol
580 889 662 950 Quid
674 891 710 945 de
721 891 821 946 virtute
832 891 893 964 ejus
904 891 1019 947 dicaml
1039 891 1106 966 quid

147 967 185 1022 de
209 965 403 1040 magnitudine
426 967 522 1037 animi,
547 967 692 1041 gravitate,
716 967 894 1024 constantidl
921 985 983 1041 quae
1007 987 1106 1024 omnes

148 1043 224 1099 docti
247 1053 330 1116 atque
345 1043 485 1118 sapientes
507 1062 626 1114 summa,
639 1043 756 1117 quidam
777 1044 862 1100 etism
876 1043 944 1114 sola,
958 1045 1032 1100 bona
1044 1063 1106 1101 esse

146 1120 296 1188 dixerunt3
318 1119 427 1192 hisque,
449 1138 507 1176 non
521 1117 604 1176 modd
627 1121 663 1176 ad
677 1121 760 1190 bene,
784 1120 834 1176 sed
857 1121 941 1177 etiam
964 1121 999 1176 ad
1018 1118 1105 1178 beatd
1123 1127 1156 1182 lo

145 1197 306 1268 vivendum,
321 1207 482 1253 contentam
497 1197 627 1253 virtutem
647 1215 719 1252 esse.
762 1196 833 1252 Haec
855 1197 901 1252 ille
922 1209 1062 1272 reputans,
1077 1208 1106 1256 et

144 1274 206 1330 dies
219 1285 249 1330 et
263 1285 362 1331 noctes
383 1274 522 1348 cogitans,
536 1293 593 1330 non
608 1269 693 1330 modb
714 1273 766 1330 tibi
780 1292 837 1329 non
852 1285 1001 1330 succenset
1017 1274 1106 1348 (esset

143 1352 221 1408 enim
235 1371 294 1408 non
308 1349 402 1407 sollum
423 1351 560 1424 ingratus,
574 1351 624 1407 sed
638 1350 724 1406 etiarn
746 1349 868 1426 amens),
882 1348 979 1410 verdm
992 1368 1105 1408 omnem

143 1427 377 1502 tranquillitatem
397 1438 426 1483 et
449 1428 573 1501 quietem
593 1427 749 1484 senectutis
773 1437 919 1500 acceptam
943 1428 1027 1484 refert
1051 1427 1106 1484 cle·

146 1506 263 1561 mentiae
276 1516 341 1561 tuae.
1123 1515 1156 1569 1⁵

187 1579 271 1638 XIV·
296 1581 366 1642 Quo
379 1582 492 1655 quidem
506 1582 600 1639 animo
613 1580 679 1640 edm
690 1593 773 1639 antea
783 1582 845 1654 fuit,
859 1592 918 1639 tum
929 1602 986 1640 non
998 1582 1105 1655 dubito,

143 1659 214 1734 quin
228 1659 285 1716 tuis
299 1659 397 1729 literis,
418 1677 537 1734 quarum
558 1661 718 1736 exemplum
740 1660 806 1736 legi,
819 1679 889 1734 quas
908 1661 941 1716 ad
956 1667 1021 1718 eurtl
1034 1661 1107 1718 Tar·

144 1755 252 1794 racone
274 1738 342 1794 huic
366 1737 509 1795 Blesamio
530 1738 644 1808 dedisti,
658 1757 688 1794 se
708 1737 799 1812 magis
819 1739 903 1793 etiam
925 1739 1053 1808 erexerit,
1069 1739 1105 1794 ab

146 1814 281 1887 omnique
302 1815 491 1871 sollicitudine
515 1815 688 1871 abstraxerit.
729 1815 818 1871 Jubes
841 1815 917 1870 enirn
942 1833 1006 1870 eum
1033 1816 1105 1870 bene

146 1910 271 1966 sperare,
292 1901 321 1948 et
334 1891 411 1948 bono
425 1910 487 1948 esse
505 1892 615 1959 animo;
637 1893 710 1966 quod
732 1893 793 1949 scic
806 1903 834 1948 te
848 1911 904 1948 non
926 1891 1026 1948 frustra
1040 1892 1107 1948 scri·
1120 1893 1155 1946 20

145 1969 213 2026 bere
228 1969 338 2026 solere:
360 1969 477 2026 memini
493 1970 578 2041 enim,
594 1970 694 2027 iisdem
708 1968 766 2027 ferd
784 1969 875 2026 verbis
890 1969 924 2025 ad
939 1980 1024 2025 mete
1039 1969 1106 2026 scri·

144 2047 221 2118 bere,
236 2065 336 2121 meque
351 2047 408 2103 tuis
421 2047 510 2104 literis
526 2049 599 2104 bene
610 2067 723 2122 sperare
735 2067 792 2105 non
804 2048 904 2104 frustra
915 2066 976 2104 esse
984 2047 1103 2121 jussum.

144 2123 255 2182 Laboro
277 2125 410 2199 equidem
431 2125 508 2201 regis
531 2124 661 2183 Deiotari
675 2126 772 2196 causi,
786 2143 907 2200 quocum
927 2125 995 2180 mihi
1010 2125 1106 2180 amici·

144 2201 215 2260 tiam
235 2221 282 2258 res
302 2203 418 2276 publica
440 2203 613 2272 conciliavit,
636 2199 788 2278 hospitium
812 2202 939 2258 voluntas
962 2201 1105 2274 utriusque

146 2278 303 2352 conjunxit,
327 2276 545 2336 familiaritatem
567 2281 743 2338 consuetudo
763 2279 864 2350 attulit,
889 2295 1025 2334 summam
1040 2275 1105 2333 verd
1120 2281 1155 2334 25

144 2356 388 2412 necessitudinem
409 2375 514 2431 magna
533 2357 595 2432 ejus
620 2355 714 2415 officia
737 2357 767 2414 in
790 2367 878 2414 meet
898 2357 927 2412 in
950 2353 1105 2412 exercitum

142 2451 240 2490 meum
260 2434 426 2492 effecerunt
468 2435 536 2505 Sed,
558 2434 625 2492 crim
647 2437 684 2491 de
706 2435 753 2491 illo
766 2435 870 2505 laboro,
888 2445 948 2490 tum
962 2434 997 2490 de
1011 2433 1105 2489 multis

144 2512 325 2584 amplissimis
338 2512 417 2580 viris,
430 2512 532 2586 quibus
546 2513 633 2568 semel
648 2512 773 2586 ignotum
789 2523 842 2569 ate
853 2529 914 2567 esse
925 2521 1040 2584 oportet,
1051 2529 1105 2568 nec
1119 2551 1123 2560 .

145 2587 319 2642 beneficium
339 2598 421 2642 tuum
442 2588 473 2642 in
495 2588 612 2642 dubium
626 2589 727 2659 vocari,
748 2609 802 2646 nec
824 2591 929 2646 haerere
952 2588 981 2643 in
1004 2588 1105 2643 animis

146 2665 298 2722 hominum
313 2661 532 2719 sollicitudinem
546 2664 753 2738 sempiternam,
767 2685 822 2722 nec
835 2647 1021 2732 cecideratis
1034 2663 1107 2735 quis·
1120 2669 1155 2723 30

145 2761 232 2817 quam
254 2752 283 2798 te
301 2741 403 2797 timere
425 2739 542 2814 incipiat
563 2751 658 2798 eorum
672 2743 719 2816 qui
741 2743 826 2800 semel
850 2753 908 2798 ate
927 2741 983 2796 sint
995 2735 1106 2794 liberati

146 2822 256 2877 timore.
298 2817 366 2875 Non
389 2817 487 2888 debeo,
503 2817 555 2875 Cai
578 2819 683 2890 Oaesar,
700 2819 791 2896 (quod
812 2819 873 2874 fieri
894 2818 965 2875 solet
978 2817 1008 2874 in
1022 2816 1107 2874 tantis

143 2895 292 2974 periculis)
305 2907 424 2968 tentare,
435 2915 557 2970 quonam
568 2899 653 2955 modo
666 2897 791 2954 dicendo
800 2896 1019 2952 misericordiam
1030 2906 1107 2952 tuam

142 2994 320 3035 commovere
333 2974 457 3050 possim:
479 2974 549 3030 nihil
563 2995 633 3050 opus
647 2985 706 3032 est:
729 2991 877 3030 occurrere
892 2973 953 3046 ipsa
961 2973 1030 3028 solet
1045 2991 1108 3046 sup-

141 3055 263 3130 plicibus
286 3064 315 3110 et
337 3051 519 3119 calamitosis,
541 3053 794 3109 nullius‘oratione
816 3059 938 3104 evocata.
979 3047 1108 3120 Propone
1122 3059 1157 3111 35

142 3133 194 3189 tibi
216 3133 289 3190 duos
310 3149 404 3206 reges
419 3140 448 3185 et
469 3129 497 3184 id
517 3130 614 3187 animo
634 3127 826 3201 contemplare
846 3125 920 3200 quod
940 3123 1030 3181 oculis
1052 3140 1109 3178 non

142 3221 233 3282 potes.
272 3209 364 3266 Dabis
385 3203 513 3282 profectd
532 3207 744 3275 misericordia,
758 3204 831 3277 quod
847 3202 999 3260 iracundiae
1025 3219 1110 3275 nega·

145 3285 220 3340 visti.
253 3284 345 3342 Multa
363 3296 430 3342 sunt
443 3296 499 3344 tuae
520 3285 679 3341 clementiae
694 3291 892 3347 monumenta3
915 3281 964 3334 sed
986 3276 1108 3335 maximd

145 3377 246 3418 eorum
269 3362 483 3434 incolumitates,
497 3363 599 3436 quibus
621 3358 741 3418 salutem
756 3357 873 3414 dedisti:
895 3373 957 3429 quoe
972 3357 996 3412 si
1012 3357 1040 3412 in
1056 3355 1110 3430 pri·

144 3439 219 3496 vatis
239 3439 360 3514 gloriosa
380 3451 454 3510 sunt,
469 3440 558 3496 multd
581 3440 674 3514 magis
688 3435 981 3492 commemorabuntur
995 3433 1024 3489 in
1039 3433 1110 3506 regi·
1125 3439 1159 3492 to

142 3519 207 3576 bue.
253 3517 369 3592 Semper
389 3518 499 3592 regium
520 3535 625 3574 nomen
648 3517 678 3570 in
699 3514 753 3568 hac
767 3511 879 3569 civitate
894 3523 1022 3568 sanctum
1038 3509 1108 3564 fuit:

143 3597 289 3654 sociorum
303 3591 368 3650 verb
383 3614 483 3670 regum
498 3605 527 3650 et
541 3593 697 3650 amicorum
712 3589 931 3647 sanctissimum.

181 3673 251 3732 XV.
287 3671 375 3733 Quod
396 3691 513 3740 nomen,
534 3671 564 3726 hi
584 3687 677 3743 reges,
699 3685 735 3721 ne
756 3669 926 3734 amitterent,
946 3677 974 3719 te
995 3662 1110 3728 victore,

143 3753 321 3815 timuerunt:
349 3759 492 3807 retentum
509 3743 589 3816 verb,
617 3756 647 3800 et
673 3760 691 3796 a
710 3752 738 3796 te
762 3743 968 3800 confirmatum,
994 3731 1111 3799 Ρῡῦῑθῐῑ8

381 3825 431 3882 81
