2516 4204
139 327 201 390 180
248 339 251 346 ’
449 320 580 374 eramo
595 318 634 372 m
649 317 687 370 M.
703 316 908 370 ANTONIUM,

188 457 320 530 involato.
361 464 483 536 Jauitor,
509 463 589 530 Quis
608 463 659 519 tul
694 462 723 518 A
745 460 843 520 Marco
864 455 1040 517 tabellarius.
1076 455 1147 517 (leur

189 543 281 602 festini
296 543 332 599 ad
345 560 420 611 eam,
433 542 518 616 cujus
527 541 616 598 essse
630 548 754 608 venerat,
766 537 914 604 deducitur
925 555 934 602 ς
956 535 1039 608 eiqre
1052 535 1154 610 episto,

189 621 246 677 lam
259 621 355 676 tradit.
396 619 495 679 Quam
517 616 584 674 edm
598 617 647 674 illa
664 616 772 690 legeret
785 613 866 684 ileos,
882 611 957 687 (erat
977 613 1054 668 enim
1079 630 1149 668 ama-

189 695 262 754 torie
284 697 404 772 scripta:
425 705 513 770 caput
532 705 628 750 nutem
651 693 809 760 literarum,
827 690 881 746 sibi
904 707 970 744 eum
990 688 1039 744 itta
1061 687 1149 746 mint

158 775 310 850 spostbac
329 773 400 830 nihil
421 773 562 829 futurum:
582 788 696 828 omnem
717 788 750 826 se
768 786 891 824 errrorem
910 765 1045 840 abjecisse
1059 765 1149 834 illiue,

193 864 276 924 atque
291 852 321 906 in
336 851 411 906 banc
423 846 623 920 eamindisse)
638 843 709 902 oiim
720 843 821 902 mulier
834 843 916 900 fleret
928 837 1050 911 uberilrs,
1064 842 1151 898 bomo

191 927 352 982 misericors
366 925 438 980 ferre
458 941 517 978 non
531 923 622 996 potuit
634 941 640 976 :
662 931 747 994 caput
761 920 886 993 aperuit3
908 919 939 978 in
953 918 1054 975 collum
1075 919 1150 978 inve‘

190 1001 236 1057 sit
277 1000 305 1056 Ο
319 1000 462 1057 bominem
476 998 617 1072 nequam!
629 995 719 1072 -(quid
736 997 813 1054 enirn
835 997 912 1054 eliud
926 996 1040 1060 dieaml
1059 995 1150 1070 megia

190 1075 306 1153 proprie
320 1077 391 1135 nihil
410 1093 525 1150 possum
539 1073 659 1149 dicere.)
701 1071 790 1146 Ergo,
809 1083 843 1132 ut
855 1085 884 1132 te
907 1073 1084 1142 catamitum,
1098 1090 1148 1130 nec

143 1163 178 1218 lo
192 1151 307 1228 opinati>
334 1151 402 1212 clun
425 1153 610 1220 ostendisses,
629 1160 731 1224 preter
757 1168 837 1222 spem
858 1149 960 1206 mulier
984 1149 1149 1224 adspiceret,

192 1231 300 1286 idcirco
322 1229 427 1285 Urbem
440 1238 545 1284 terrore
566 1239 715 1293 nocturno,
735 1225 848 1283 Italiam
868 1225 1023 1284 multorum
1044 1227 1150 1284 dierum

191 1317 278 1375 metu,
291 1303 480 1378 perturbristil
515 1301 553 1358 Et
573 1303 649 1358 dorni
668 1301 782 1375 quidem
795 1319 911 1358 eausam
932 1305 1039 1361 amoris
1053 1301 1150 1378 [babu-

191 1379 271 1458 isti3]
294 1377 361 1438 soris
382 1379 468 1439 etiam
495 1379 658 1453 turpiorem,
685 1397 722 1434 ne
747 1375 785 1434 L..
805 1377 929 1437 Plancus
955 1382 1067 1454 prades
1090 1392 1152 1438 tuos

191 1459 334 1516 venderet.
374 1456 533 1514 Productus
548 1467 643 1514 eutem
664 1455 876 1514 in-ooneiouem
890 1475 908 1514 a
920 1457 1037 1514 tribuno
1051 1458 1151 1532 plebis,

143 1545 178 1598 15
193 1532 262 1594 orm*
273 1535 477 1611 respondisses,
490 1544 518 1591 te
542 1534 584 1592 rei
598 1545 654 1592 tue
675 1533 761 1593 caus&
775 1534 897 1605 venisse,
915 1535 1049 1608 populum
1067 1535 1153 1599 eu'am

192 1613 321 1670 dicacem
337 1613 367 1670 irr
381 1624 409 1670 te
423 1611 579 1670 reddidisti.
904 1642 908 1672 :
971 1631 994 1659 w
1043 1651 1081 1672 ,-.

230 1687 362 1744 XXXII.
397 1689 455 1744 Sed
469 1689 654 1746 nimismulta
666 1689 703 1745 de
714 1688 814 1762 nugis:
827 1689 861 1742 ad
876 1687 979 1760 majora
992 1687 1156 1746 veniamus,

192 1763 299 1822 Cesari
312 1785 350 1822 ex
362 1764 504 1840 Hispaniis
524 1767 656 1824 redeunti
668 1763 780 1835 obviem
792 1759 957 1838 longissime
996 1765 1155 1824 recessisti.

192 1840 330 1902 Celeriter
353 1842 410 1914 isti,
434 1842 541 1913 redisti,
564 1855 596 1900 ut
616 1852 800 1919 cognosceret
819 1853 857 1912 te,
876 1833 900 1902 si
919 1781 1015 1911 misle
1041 1839 1154 1913 fortem,

141 1917 317 1978 sesemen
335 1932 489 1978 strenuum.
531 1921 637 1978 Faetus
655 1940 686 1976 es
708 1923 735 1978 ei
753 1937 862 1990 rursus,
884 1918 983 1976 neseio
1003 1921 1153 1991 quomodo,

73 1997 74 2000 ’
192 1995 344 2050 familiaris.
386 1996 518 2050 Habebat
531 1997 717 2052 boconruino
732 1996 844 2054 Cesar:
865 2013 949 2069 quem
964 1991 1153 2069 praeeperat·

190 2079 250 2124 mm
272 2085 327 2124 ere
341 2069 443 2140 alieno,
464 2079 660 2142 egentemque,
674 2070 699 2124 si
718 2071 843 2129 eundern
862 2089 994 2142 aequam
1007 2072 1155 2130 bominem.

191 2147 385 2220 audacemque
407 2143 554 2221 cogndrat,
575 2146 653 2202 hune
674 2145 943 2208 iri-familiaritatem
964 2147 1151 2222 libentissime

190 2225 354 2299 recipiebat
396 2223 451 2282 His
466 2224 550 2298 igitur
566 2224 651 2280 rebus
663 2221 1038 2299 preclareoommeudetus,
1057 2227 1152 2301 jussus

140 2299 179 2354 25
192 2320 223 2358 es
237 2301 392 2358 renuntiari
414 2302 523 2372 consul,
538 2312 567 2360 et
579 2302 696 2374 quidem
716 2318 782 2360 curu
797 2301 865 2376 ipso.
907 2301 988 2358 Nihil
1000 2321 1105 2376 queror
1117 2306 1151 2362 de

191 2377 349 2446 Dolabelli,
363 2378 412 2448 qui
426 2389 486 2434 tum
507 2389 551 2434 est
564 2379 711 2450 impulsus,
733 2379 876 2447 inductus,
890 2379 1006 2440 elusus..
1036 2381 1108 2451 Qut
1123 2383 1149 2438 in

190 2470 221 2510 re
238 2463 344 2526 quanta
364 2453 449 2514 fuerit
468 2454 615 2527 utriusque
634 2453 757 2510 vestrum
777 2455 895 2528 pertidia
914 2455 944 2512 in
955 2456 1151 2529 -Dotabdtam,

190 2529 253 2604 quis
267 2530 395 2604 ignorat?
429 2531 481 2588 Ille
495 2531 617 2602 induxit,
638 2542 670 2590 ut
682 2541 805 2606 peteret:
825 2532 994 2606 promissum
1008 2545 1038 2592 et
1058 2532 1151 2610 re'cep·

190 2617 251 2664 tum
265 2608 431 2681 intervertit,
445 2611 581 2684 adaeque
594 2610 754 2670 transtulit:
772 2620 804 2669 tu
813 2610 878 2684 ,ejus
890 2609 1017 2685 perfidie
1025 2613 1154 2675 solunte·

141 2683 177 2738 30
191 2696 248 2744 tem
270 2698 346 2750 tuam
369 2689 551 2764 adscripsisti.
592 2689 722 2746 Veniunt
738 2687 874 2746 Calendae
895 2687 1155 2763 Jsuuariezoogi·

190 2782 255 2822 mur
269 2766 298 2820 in
323 2779 471 2822 senatum:
492 2767 621 2822 insectus
643 2777 686 2822 eet
705 2763 959 2838 copiosirismultd
973 2765 1108 2832 mistum
1123 2778 1153 2824 et

190 2837 315 2910 paratiirs
328 2839 485 2906 Dolabella,
506 2839 592 2909 quem
605 2859 684 2896 nunc
696 2859 758 2911 ego.
799 2841 967 2900 Hicautern
987 2845 1074 2901 iratus
1087 2863 1152 2917 quae

190 2913 270 2979 dixit,
285 2913 334 2968 Dii
349 2913 434 2970 bonit
814 2931 816 2935 ’

230 2984 368 3059 Primdm,
382 2985 449 3050 edm
460 2989 555 3066 Cesar
569 2990 750 3060 ostendisset,
765 3009 806 3060 se,
820 2991 982 3066 priusquam
992 2999 1152 3070 proficisce-

140 3061 176 3116 35
190 3075 278 3138 retur,
298 3065 473 3124 Dolabellam
494 3067 641 3126 consulem
660 3087 722 3124 esse
740 3068 901 3142 jussurum
924 3069 1021 3143 (quern
1038 3085 1151 3152 negant

190 3161 298 3221 rogem,
317 3142 365 3212 qui
379 3153 408 3196 et
428 3143 533 3200 facerat
546 3161 656 3215 semper
676 3143 819 3216 ejusmodi
838 3144 952 3214 aliquid,
973 3156 1003 3200 et
1024 3147 1147 3229 diceret)

190 3224 243 3278 sed
255 3217 322 3272 edm
342 3215 439 3271 Caesar
459 3217 498 3272 ita
518 3217 655 3284 dixisset3
674 3228 737 3276 tum
757 3219 806 3276 bie
826 3221 921 3280 bouus
942 3240 1042 3296 augur,
1065 3245 1105 3289 eo,
1120 3248 1149 3286 ss

190 3291 348 3352 sacerdotio
361 3293 510 3368 preditum
530 3311 592 3353 esse
605 3293 686 3374 dixit,
708 3306 740 3352 ut
753 3297 867 3354 comitia
888 3299 1086 3378 auspieiimel
1100 3307 1149 3364 im·

189 3369 286 3446 pedire
299 3372 343 3430 rel
357 3371 455 3428 vitiare
468 3381 580 3446 posset:
598 3371 683 3446 idque
698 3373 882 3444 sawfaetumm
895 3395 958 3434 esse
970 3383 1146 3448 ¹asseveravit.

140 3443 176 3504 40
190 3447 296 3521 Iarquo
315 3447 439 3524 primdm
460 3449 657 3508 incredibilem
678 3453 872 3528 stupiditatem
887 3455 1011 3520 hominis
1031 3477 1148 3534 cognos-

190 3525 255 3584 cite.
291 3526 377 3586 Quid
404 3528 505 3584 enimt
532 3528 616 3599 istuc,
643 3530 719 3604 quod
746 3537 775 3590 te
800 3532 950 3596 smerdotii
970 3533 1144 3607 jure’faoere

189 3621 272 3678 posse
285 3604 390 3673 dixisti,
412 3605 437 3660 si
458 3623 548 3679 eugur
559 3625 616 3664 uon
629 3625 717 3678 esses,
733 3609 879 3670 etceusel
893 3627 993 3680 esses,
1002 3609 1096 3672 miuus
1108 3610 1147 3676 ft.-

131 3743 136 3750 ,
190 3679 429 3755 eerepotuisseqt
463 3682 547 3752 Vide,
570 3701 608 3738 ne
628 3685 714 3742 ariam
729 3683 854 3742 facilius:
876 3688 1018 3758 nosenim
1038 3687 1147 3749 sunda·

190 3757 297 3817 tionem
322 3752 414 3812 solbm
441 3755 596 3826 babemus;
623 3761 755 3820 consides
782 3771 813 3820 et
838 3761 938 3836 reliqui
964 3765 1147 3838 magistratus
