2542 4212
403 340 529 389 ORATIO
546 341 592 390 1v.
606 343 652 390 ΙΝ,
663 343 691 389 L.
705 343 912 418 CATILINAM.

178 481 224 538 die
238 480 369 538 maximis
387 483 511 558 praemiis
525 484 626 541 affecit.
668 484 732 540 Jam
747 485 803 542 hoc
824 479 1067 540 neminidubium
1087 491 1136 558 est,
1175 476 1178 481 ⁸
1266 515 1267 522 κ

176 555 224 630 qui
239 575 287 614 reo
303 561 470 630 custodiam,
485 562 627 634 quaesitori
650 563 875 636 gratulationem,
890 561 978 617 indici
993 564 1136 635 praemium

175 635 310 708 decrevit,
335 638 402 711 quid
425 639 461 693 de
485 640 543 694 tota
564 659 594 696 re
618 650 647 696 et
670 640 758 694 causa
778 639 920 714 judicarit.
962 639 1003 694 At
1016 637 1083 696 vero
1105 641 1136 698 G.

176 711 272 769 Cesar
283 714 423 789 intelligit,
433 715 526 790 legem
541 717 738 791 Semproniam
748 735 811 772 esse
825 718 861 772 de
870 716 978 772 civibus
997 715 1136 774 Romanis

141 795 158 847 5
175 791 355 850 constitutam
367 812 374 860 ;
394 795 443 866 qui
458 805 551 850 autem
565 795 729 868 reipublicae
743 795 779 850 sit
793 795 889 864 hostis,
898 812 964 849 eum
973 794 1066 849 civem
1077 813 1136 850 esse

174 868 253 922 nullo
268 869 351 924 modo
364 889 465 941 posse;
487 871 609 942 denique
624 873 715 944 ipsum
730 873 846 927 latorem
860 872 930 945 legis
953 871 1136 944 Semproniae,

174 943 284 1016 injussu
302 945 407 1018 populi,
422 965 521 1019 poenaa
535 947 699 1019 reipublicae
721 949 897 1020 dependisse.
940 947 1019 1002 Idem
1045 949 1135 1022 ipsum

174 1017 338 1091 Lentulum,
352 1021 511 1096 largitorem
525 1033 554 1078 et
566 1025 725 1098 prodigum,
740 1042 797 1078 non
811 1035 900 1098 putat,
915 1021 982 1080 oiim
997 1025 1033 1080 de
1046 1027 1136 1099 perni-

174 1095 219 1152 cie
232 1098 326 1171 populi
343 1097 476 1170 Romani,
491 1109 519 1156 et
532 1101 619 1156 exitio
633 1101 716 1174 hujus
730 1101 817 1170 urbis,
832 1113 889 1156 tam
904 1099 1007 1158 acerbe
1023 1113 1134 1175 tamque

125 1177 158 1230 10
174 1175 324 1230 crudeliter
338 1177 478 1249 cogitarit,
493 1177 626 1250 appellari
640 1197 721 1251 posse
735 1179 906 1251 popularem.
941 1178 1038 1252 Itaque
1053 1180 1136 1236 homo

173 1251 337 1306 mitissimus
349 1263 430 1324 atque
444 1253 605 1308 lenissimus
616 1273 673 1309 non
686 1255 797 1310 dubitat
810 1256 841 1310 P.
854 1255 1008 1312 Lentulum
1024 1258 1135 1313 eternis

173 1327 297 1384 tenebris
311 1328 485 1402 vinculisque
499 1331 650 1386 mandare:
666 1341 694 1386 et
705 1333 797 1387 sancit
812 1333 841 1387 in
851 1344 1004 1406 posterum,
1016 1335 1134 1406 nequis,

174 1404 257 1478 hujus
271 1407 409 1480 supplicio
429 1407 559 1478 levando,
574 1427 605 1463 se
626 1408 744 1482 jactare,
758 1420 787 1465 et
812 1411 841 1465 in
859 1408 1013 1488 [pernicie]
1040 1413 1134 1486 populi

173 1480 297 1538 Romani
308 1486 425 1558 posthac
436 1485 577 1560 popularis
588 1505 660 1556 esse,
669 1487 766 1560 possit.
799 1487 940 1562 Adjungit
950 1489 1033 1544 etiam
1045 1489 1135 1562 publi·

124 1561 157 1616 15
173 1560 312 1618 cationem
322 1561 467 1634 bonorum,
476 1573 507 1618 ut
514 1581 613 1618 omnes
624 1563 712 1620 animi
724 1565 866 1621 cruciatus
876 1576 904 1622 et
914 1565 1039 1640 corporis
1050 1566 1135 1622 etiam

173 1650 283 1712 egestas
298 1659 331 1696 ac
345 1641 514 1696 mendicitas
528 1651 723 1714 consequatur.

212 1715 263 1771 VI.
303 1717 576 1788 Quamobrem,rive
588 1719 641 1774 hoc
652 1719 815 1788 statueritis,
825 1719 958 1773 dederitis
970 1720 1040 1773 mihi
1050 1721 1136 1776 comi·

172 1802 229 1848 tem
244 1794 279 1849 ad
294 1795 470 1866 concionem,
485 1795 588 1870 populo
601 1813 698 1852 carum
714 1805 796 1868 atque
808 1794 964 1868 jucundum
982 1811 988 1848 :
1010 1795 1069 1850 sive
1091 1797 1137 1852 Si·

172 1869 231 1927 lani
245 1872 414 1928 seutentiam
428 1873 508 1946 sequi
520 1873 685 1944 malueritis,
698 1869 781 1929 facile
793 1891 838 1928 me
851 1883 932 1946 atque
946 1891 995 1928 vos
1009 1873 1135 1929 acrude-

121 1945 156 2000 20
172 1947 258 2005 litatis
282 1951 484 2022 vituperatione
508 1951 681 2018 defendetis;
704 1961 787 2024 atque
810 1951 952 2019 obtinebo,
967 1969 1029 2004 eam
1045 1947 1134 2008 multo

171 2024 303 2080 leviorem
318 2026 411 2081 fuisse.
452 2027 636 2098 Quanquam,
658 2029 755 2084 Patres
776 2027 946 2099 Conscripti,
961 2044 1022 2097 quae
1042 2038 1136 2100 potest

171 2118 233 2157 esse
248 2101 362 2158 intanti
377 2103 491 2159 sceleris
506 2103 680 2161 immanitate
694 2103 841 2180 punienda
855 2103 1006 2158 crudelitas
1019 2103 1030 2158 l
1071 2102 1135 2178 Ego

171 2179 248 2236 enim
269 2181 304 2236 de
326 2199 390 2238 meo
404 2200 489 2239 sensu
500 2181 604 2256 judico.
646 2182 732 2252 Nam,
749 2183 788 2238 ita
809 2181 879 2236 mihi
894 2181 969 2236 salvia
988 2181 1134 2255 republica

172 2257 315 2314 vobiscum
323 2259 428 2334 perfrui
436 2260 530 2331 liceat,
540 2271 571 2316 ut
579 2279 641 2336 ego,
651 2257 726 2336 qudd
738 2261 768 2317 in
779 2261 833 2316 hac
842 2260 929 2322 causa
940 2259 1134 2327 veliementior

120 2338 155 2392 25
170 2353 242 2406 sum,
251 2355 309 2392 non
323 2339 467 2394 atrocitate
478 2339 566 2396 animi
578 2358 700 2408 moveor,
711 2338 786 2414 (quis
801 2339 876 2408 enim
889 2349 932 2394 est
943 2335 1131 2419 menmitiorl)

107 2407 116 2430 '
169 2413 223 2468 sed
239 2413 376 2486 singulari
397 2416 519 2488 quddam
542 2417 716 2473 humanitate
732 2427 761 2470 et
775 2410 981 2473 misericordia.
1023 2415 1134 2469 Videor

117 2536 124 2554 ,
169 2489 246 2544 enim
259 2491 329 2547 mihi
345 2493 419 2548 hanc
433 2494 532 2550 urbem
554 2495 659 2563 videre,
674 2492 769 2547 lucem
792 2490 868 2546 orbis
889 2500 1025 2544 terrarum
1049 2486 1137 2568 atique·

118 2587 122 2593 ·
138 2585 140 2592 ’
170 2583 264 2622 arcem
279 2569 406 2625 omnium
427 2573 567 2645 gentium,
582 2570 675 2628 subito
690 2587 749 2624 uno
764 2566 899 2623 incendio
913 2565 1132 2642 concidentem:

88 2667 103 2696 ,κ
160 2639 256 2702 'cerno
281 2647 519 2724 animo,('sepultr*a
544 2651 575 2706 in
597 2634 707 2724 patriai)
724 2646 844 2702 miseros
867 2655 951 2717 atque
975 2641 1133 2716 insepultos

25 2765 27 2791 ;
68 2779 74 2786 ,,
117 2727 153 2782 30
169 2741 283 2781 acervos
297 2726 418 2782 civium:
433 2739 558 2784 versatur
573 2727 642 2784 mihi
657 2737 722 2783 ante
737 2724 833 2782 oculos
847 2732 978 2797 aspectus
999 2717 1133 2792 Cethegi,

80 2798 85 2815 '
112 2803 114 2808 ’
168 2810 197 2854 et
207 2801 291 2868 furor,
301 2803 330 2854 in
339 2802 430 2854 vestra
442 2805 520 2856 caede
532 2804 707 2854 bacchantis.
748 2799 824 2852 Ciam
839 2797 904 2854 verri
918 2798 986 2854 mihi
1000 2795 1132 2871 proposui

168 2869 336 2946 regnantem
352 2873 506 2928 Lentulum
529 2873 689 2946 (sicutipse
704 2891 734 2925 se
748 2890 783 2924 ex
797 2871 861 2924 fatis
875 2873 1003 2942 sperasse
1023 2871 1134 2950 confes-
1197 2937 1202 2946 ι

167 2968 215 3004 sus
229 2948 297 3024 est),
320 2949 511 3022 'purpuratum
534 2965 596 3001 esse
618 2947 695 3000 hunc
725 2945 890 3013 Gabinium,
904 2945 979 3000 'cum
1004 2949 1133 3005 exercitu

167 3025 276 3082 venisse
291 3025 443 3082 Catilinam
455 3043 461 3092 ;
483 3034 542 3080 tum
556 3023 790 3086 lamentationem
802 3021 1054 3098 matrumfamilias,
1068 3033 1132 3080 tum
1160 3065 1165 3072 .

116 3109 151 3164 35
167 3103 262 3179 fugam
287 3103 428 3180 virginum
456 3115 538 3177 atque
564 3117 724 3176 puerorum,
746 3118 780 3155 aa
793 3099 978 3156 ‘vexationem
987 3100 1135 3176 virginum

166 3182 333 3250 Vestalium,
347 3180 548 3252 perhorresco:
569 3189 607 3248 et,
621 3178 687 3250 quia
710 3177 779 3232 mihi
801 3175 980 3238 vehementer
1005 3177 1065 3231 haec
1090 3178 1133 3233 vi-

166 3261 267 3312 dentur
281 3257 382 3312 misera
392 3267 474 3329 atque
485 3255 655 3324 miseranda,
665 3255 773 3311 idcirco
781 3254 810 3310 in
821 3271 880 3322 eos,
890 3253 937 3326 qui
948 3251 1134 3328 eaperficera

165 3334 322 3406 voluerunt,
332 3353 376 3390 me
390 3334 775 3406 sororumvehemeutemque
784 3331 902 3406 praebeo.
932 3311 1131 3416 Etenunquae}

165 3430 206 3482 ro,
221 3412 245 3468 si
259 3413 322 3486 quis
335 3412 542 3488 paterfamiliae,
556 3411 653 3468 liberis
667 3411 725 3466 suis
740 3429 756 3466 a
770 3428 851 3465 servo
864 3408 1129 3482 intersectis,‚uxor!

116 3485 151 3539 40
165 3490 270 3561 occisa,
286 3491 403 3547 incensa
417 3492 509 3562 domo,
523 3489 692 3564 supplicium
706 3489 741 3545 de
756 3488 843 3544 servis
864 3505 922 3542 non
945 3483 1029 3559 quam
1052 3503 1129 3572 acer·

167 3567 313 3624 bissimum
335 3571 499 3641 sumpserit;
515 3565 610 3626 utrirm
625 3567 649 3623 is
663 3565 789 3624 clemens
802 3584 837 3620 ac
848 3563 1020 3636 misericp'rs,
1035 3581 1071 3617 an
1086 3580 1129 3616 ru·

167 3644 386 3701 humanissimus
400 3654 429 3700 et
442 3646 661 3714 crudelissimus,
672 3663 735 3702 esse
750 3640 897 3698 videaturl
912 3637 981 3696 mihi
995 3636 1061 3717 vqrd
1076 3639 1129 3723 irn-

167 3733 302 3796 portunus
313 3739 346 3778 ac
356 3722 471 3792 ferreus,
480 3723 527 3796 qui
536 3742 604 3792 non,
613 3721 707 3777 dolore
716 3739 750 3776 ac
759 3719 890 3790 cmuciatu·¹
897 3717 1034 3803 nocentis,
1043 3733 1128 3804 suum

168 3798 292 3857 dolorem
306 3799 517 3872 cruciatumque
537 3797 657 3856 lenierit
699 3795 749 3852 Sic
762 3813 823 3868 nos,
837 3793 868 3852 in
889 3793 934 3858 hle
954 3793 1127 3864 hominibus,
