2542 4212
348 315 484 367 ORATlO
501 317 570 367 PRO
586 317 684 368 REGE
700 317 893 370 DEIOTARO.
1108 327 1147 388 87

178 459 237 520 xl.
262 456 408 516 Sintsand
423 459 591 531 inimicitia,
611 477 676 534 que
688 479 822 520 essenon
842 461 991 521 debebant.
1032 463 1099 523 Rex

138 540 220 600 enim
241 537 391 596 Deiotarus
410 547 531 594 vestram
552 537 695 609 familiam,
716 539 854 613 abjectam
868 551 897 598 et
908 541 1098 614 obscuram,e

140 616 267 676 tenebris
287 615 317 672 in
337 615 431 672 lucem
452 615 586 672 evocavit.
626 615 704 676 Quis
723 627 804 673 tunm
824 627 931 692 patrem
953 615 1030 689 ante,
1047 619 1097 694 qui

140 705 224 765 esset,
245 690 332 768 quim
352 692 435 767 cnjus
455 711 543 767 gener
564 703 648 763 esset,
668 693 797 750 audivitl
837 695 895 750 Sed
915 695 1043 769 quamvis
1057 695 1098 752 in·

138 770 219 848 grate
233 781 262 829 et
275 766 363 846 impie
385 769 605 826 necessitudinis
625 788 732 827 nomen
746 771 936 846 repudiantis,
949 783 1044 828 umen
1059 773 1099 828 in·
1114 775 1132 828 5

139 849 275 906 imicitias
295 847 441 904 hominum
456 865 534 904 more
554 865 653 921 gerere
666 847 807 922 poteratis,
826 865 882 904 non
898 847 966 906 ficto
979 848 1099 906 crimine

141 925 286 994 insectari,
300 943 358 981 non
372 935 499 998 expetere
514 924 609 994 vitam,
625 942 683 980 non
704 923 804 998 capitis
822 942 971 982 arcessere.
1013 924 1097 982 Esto:

142 1003 316 1060 concedatur
329 1001 390 1057 haec
402 1005 514 1075 quoqne
528 1001 690 1058 acerbitatis
702 1011 732 1057 et
744 1001 802 1058 odii
813 1002 993 1076 magnitudo:
1014 997 1098 1058 aded-

141 1097 189 1151 ne,
205 1091 235 1136 ut
253 1080 337 1136 etiarn
357 1079 453 1135 omnia
467 1079 530 1134 vitre
544 1077 699 1151 salutisque
719 1079 888 1150 communis,
909 1089 993 1153 atque
1013 1079 1097 1134 auam

140 1157 333 1227 humanitatis,
348 1154 412 1231 jura
431 1155 593 1212 violenturl
633 1155 751 1210 Servum
772 1154 921 1212 sollicitare
934 1155 1035 1226 verbio,
1049 1173 1097 1230 spe
1116 1161 1149 1216 1⁰

137 1235 341 1310 promissisque
362 1251 552 1308 corrumpere,
573 1232 714 1288 abducere
727 1231 820 1302 domo,
841 1243 940 1288 contra
953 1233 1097 1289 dominum

140 1331 263 1382 armare;
286 1313 340 1369 hoo
353 1323 406 1381 est,
421 1328 479 1367 non
499 1311 550 1366 uni
563 1309 731 1385 propinquo,
752 1309 803 1364 sed
822 1308 955 1366 omnibus
974 1309 1097 1380 familiis,

138 1389 243 1447 bellum
258 1390 398 1448 nefarium
413 1388 548 1444 indicere.
583 1385 613 1442 N
615 1403 660 1442 am
674 1386 727 1442 ista
740 1385 898 1460 corruptela
910 1386 993 1458 servi,
1004 1385 1028 1442 si
1040 1403 1096 1443 non

139 1465 225 1521 modb
246 1467 386 1539 impunite
405 1466 499 1534 fuerit,
519 1465 568 1520 sed
588 1464 674 1520 etiam
695 1463 804 1519 etanta
817 1463 982 1519 auctoritate
1003 1481 1097 1537 appro-

141 1539 224 1608 bata3
244 1541 315 1597 nulli
328 1541 450 1616 parietes
463 1551 588 1597 nostram
603 1540 731 1610 salutem,
746 1539 831 1595 nulle
841 1539 928 1614 leges,
939 1539 1017 1596 nulla
1024 1539 1096 1614 jura,
1115 1547 1147 1601 15

139 1619 311 1676 custodient.
352 1617 407 1674 Ubi
421 1619 498 1673 enim
513 1618 551 1689 id,
565 1618 640 1692 quod
654 1618 731 1674 intus
744 1627 787 1672 est
800 1625 885 1690 atque
898 1627 1033 1686 nostrum,
1047 1615 1098 1672 im·

138 1692 217 1770 pund
231 1696 343 1754 evolare
355 1705 455 1770 potest,
470 1705 623 1769 contraque
638 1713 690 1752 nos
703 1711 832 1770 pugnare
840 1713 848 1762 3
869 1691 901 1749 fit
911 1693 940 1750 in
951 1693 1095 1751 dominatu

139 1773 268 1844 servitus,
282 1773 312 1830 in
326 1773 458 1830 servitute
472 1773 640 1829 dominatus.
1006 1781 1008 1788 ⁴

180 1848 209 1904 Ο
221 1851 362 1924 temporal
383 1868 401 1905 o
413 1850 521 1905 moresl
542 1849 599 1903 Cn.
613 1848 755 1908 Domitius
768 1849 825 1918 ille,
840 1846 938 1925 (quem
952 1867 1004 1906 nos
1016 1848 1095 1923 pueri

140 1925 299 1997 consulem,
320 1943 476 1994 censorem,
496 1923 658 1999 pontificem
678 1926 841 1996 maximum,
863 1925 997 2002 vidimus)
1019 1922 1095 1998 cum,
1111 1929 1147 1985 20

138 2003 267 2061 tribunus
280 2002 381 2078 plebis,
396 2001 436 2058 Μ.
449 2001 599 2072 Scaurum,
609 2001 765 2078 prinoipem
777 2001 906 2075 civitatis,
918 2002 947 2059 in
956 2001 1095 2078 judicium

137 2082 233 2157 populi
247 2081 387 2152 vocasset,
402 2080 559 2156 Scaurique
573 2098 670 2136 servus
682 2081 717 2136 ad
738 2097 805 2136 enm
824 2079 896 2136 clam
916 2081 1031 2138 domum
1052 2099 1096 2137 ve·

137 2159 235 2230 nisset,
256 2170 285 2216 et
305 2158 425 2216 crimina
446 2159 477 2214 in
498 2157 647 2214 dominnm
662 2157 821 2214 delaturum
840 2175 871 2213 se
884 2177 946 2214 esse
960 2157 1094 2225 dixisset:

136 2237 275 2310 prehendi
295 2235 441 2292 hominem
458 2235 553 2308 jussit,
583 2233 619 2289 ad
641 2235 835 2308 Scaurumque
855 2233 968 2290 deduci.
1010 2233 1095 2302 Vide,

139 2313 208 2386 quid
222 2313 348 2368 intersit:
370 2312 423 2366 etsi
437 2309 534 2384 inique
555 2309 704 2367 Castorem
719 2329 785 2368 cum
806 2310 933 2368 Domitio
947 2327 1095 2384 comparo:
1110 2305 1146 2360 25

137 2390 189 2446 sed
203 2399 298 2446 tamen
313 2388 359 2445 ille
373 2387 491 2445 inimico
503 2405 615 2444 servum
629 2387 752 2456 remisit3
773 2398 804 2444 tu
819 2388 855 2444 ab
868 2407 919 2445 svo
939 2386 1094 2444 abduxisti:

135 2466 185 2524 ille
198 2467 392 2542 incorruptum
406 2466 505 2526 audire
519 2465 629 2532 noluit;
650 2475 681 2522 tu
696 2465 859 2540 corrupisti:
880 2465 927 2524 ille
941 2465 1095 2540 adjutorem

136 2561 249 2676 qquqlqm
269 2554 367 2600 contra
387 2544 533 2600 dominum
553 2541 728 2617 repudiavit;
751 2553 782 2598 tu
795 2543 880 2599 etiam
902 2553 1094 2600 accusatorem

197 2619 203 2631 '
225 2619 302 2674 nisti.

176 2697 219 2753 At
239 2694 328 2751 semel
349 2694 402 2750 iste
422 2703 465 2748 est
484 2704 632 2768 corruptus
652 2713 669 2750 a
687 2695 784 2752 vobial
805 2714 910 2766 nonne,
934 2693 1001 2752 cum
1021 2705 1094 2752 esset
1109 2693 1145 2748 ³0

134 2774 303 2849 productus,
318 2781 348 2828 et
368 2766 434 2828 crim
448 2780 542 2827 tecum
557 2770 663 2842 misser,
684 2772 785 2849 refugit
804 2775 839 2830 ad
853 2773 978 2848 legatosl
998 2789 1094 2829 nonne

135 2852 224 2908 etiam
239 2850 365 2906 adhunc
380 2848 433 2904 On.
450 2847 608 2905 Domitium
621 2849 716 2907 venitl
756 2851 872 2921 Nonne,
894 2851 1026 2908 audiente
1042 2849 1095 2906 boc

134 2929 198 2986 Ser.
213 2927 349 3003 Sulpicio,
365 2926 522 2983 clarissimo
535 2926 604 2997 viro,
624 2927 672 3000 qui
686 2937 747 2984 tum
761 2945 829 2984 casu
851 2928 925 3002 apud
939 2927 1095 2984 Domitium

133 3006 275 3076 eminebat,
296 3015 327 3062 et
340 3005 395 3061 boo
408 3003 447 3059 T.
469 3002 623 3077 Torquato,
644 3005 751 3080 optimo
773 3004 961 3074 adolescente,
983 3024 1013 3060 se
1035 3015 1094 3060 ate
1152 3033 1155 3038 ·

133 3094 309 3158 corruptum,
330 3081 388 3139 tuis
409 3080 554 3155 promissis
568 3081 600 3136 in
620 3080 748 3138 fraudem
771 3079 933 3154 impulsum,
954 3097 1016 3134 esse
1029 3097 1095 3136 con·
1108 3091 1143 3145 35

133 3161 224 3218 lessus
237 3161 300 3217 esti

173 3236 244 3292 XII.
267 3237 344 3297 Quae
358 3246 401 3293 est
422 3235 476 3297 ista
487 3246 546 3292 tam
569 3236 729 3309 impudens,
749 3245 807 3291 tarn
821 3235 953 3306 crudelis,
971 3234 1094 3292 tarnim·

135 3313 279 3368 moderata
301 3313 511 3370 inhumanitas?
552 3312 665 3368 Idcirco
685 3313 716 3368 in
731 3313 806 3367 benc
825 3312 924 3366 urbem
938 3313 1049 3383 venisti,
1063 3323 1094 3369 nt

105 3429 108 3436 -
135 3388 221 3463 hujus
234 3389 312 3443 urbis
329 3389 393 3462 jura
405 3400 434 3446 et
454 3389 584 3466 exempla
597 3406 800 3464 corrumperes,
820 3387 1030 3462 domesticaque
1043 3391 1094 3446 irn-

133 3465 274 3523 manitate
287 3475 388 3522 nostra:
403 3466 522 3524 civitatis
536 3466 740 3526 humanitatem
756 3463 938 3536 inquinaresl
1109 3471 1145 3525 4ο

116 3570 120 3578 ·
172 3539 315 3618 Aequam
330 3539 412 3600 acutri
427 3544 545 3602 collecta
558 3543 694 3599 oriminal
729 3539 896 3611 Blesamius,
907 3541 1006 3618 inquit,
1019 3542 1093 3670 (epus

132 3622 210 3680 enim
234 3619 360 3692 nomine,
381 3621 480 3697 optimi
502 3620 635 3689 hominis,
654 3637 709 3674 nec
728 3617 780 3674 tibi
795 3617 894 3692 ignoti,
908 3621 1045 3678 maledice
1067 3626 1094 3670 at

131 3699 197 3778 tibi)
213 3699 251 3756 ad
272 3715 369 3772 regem
389 3699 513 3755 scribere
534 3697 651 3766 solebat,
673 3705 701 3751 te
724 3695 754 3752 in
776 3695 883 3750 invidia
903 3715 982 3760 esse;
1003 3705 1095 3772 tyran·

132 3795 200 3837 num
221 3775 395 3848 existimari3
414 3773 511 3836 statui
524 3774 598 3832 inter
619 3789 701 3846 reges
713 3771 806 3847 positi
825 3770 935 3825 animos
949 3770 1094 3821 hominum
