2542 4212
142 353 182 410 50
389 336 391 344 ’
423 347 549 394 orario
566 346 633 394 rito
650 346 739 392 Laos
756 344 920 391 niumm.

231 489 269 548 X.
312 488 387 545 Satis
400 487 470 543 mihi
484 487 574 544 multa
587 487 672 542 verba
683 485 785 540 fecisse
801 485 907 552 videor,
920 501 1008 556 quare
1023 483 1077 540 hoc
1097 484 1151 542 bel·

192 569 251 623 lum
262 578 336 623 esset
346 585 450 640 genere
465 565 524 638 ipso
534 565 738 630 necessarium,
747 561 942 634 magnitudine
952 559 1151 634 periculosum:
1182 609 1185 614 .

193 655 289 715 restat,
304 655 334 700 ut
348 645 384 698 de
398 643 566 716 imperatore
580 642 616 696 ad
630 641 660 696 id
674 640 779 695 bellum
794 638 957 712 deligendo,
968 655 1002 692 ac
1016 639 1103 694 tantis
1116 659 1152 696 re·

193 723 247 777 bus
259 721 452 796 preficiendo,
468 720 621 775 dicendum
635 737 698 774 esse
711 717 848 772 videatur.

159 811 177 863 5
233 798 359 867 Utinam,
372 797 512 868 Quirites,
527 798 651 854 virorum
665 795 779 852 fortium
793 805 876 867 atque
898 793 1097 850 innocentium
1110 813 1152 852 co-

193 877 269 949 piam
285 887 391 931 tantam
407 875 558 942 haberetis,
572 883 603 928 ut
618 875 680 928 haec
694 872 772 927 vobis
787 871 951 928 deliberatio
972 869 1096 926 difficilis
1115 891 1152 929 es·

194 963 244 1020 set,
258 969 410 1024 quemnam
425 948 602 1024 potissimum
616 949 703 1004 tantis
717 949 802 1004 rebus
812 969 846 1004 ac
858 959 937 1004 tanto
951 947 1026 1003 bello
1040 949 1152 1022 praelici-

193 1029 299 1083 endum
320 1027 470 1103 putaretis!
492 1025 580 1082 Nunc
601 1023 679 1097 vero,
694 1043 759 1081 cum
774 1025 810 1081 sit
831 1045 905 1080 unus
920 1025 975 1080 Cn.
993 1023 1150 1100 Pompeius,

193 1105 240 1178 qui
255 1124 311 1161 non
327 1102 410 1161 modo
425 1123 523 1160 eorum
537 1104 694 1173 hominum,
708 1103 757 1176 qui
771 1121 849 1158 nunc
870 1113 948 1172 sunt,
963 1102 1092 1177 gloriam,
1106 1105 1152 1160 sed

144 1195 177 1246 10
193 1183 278 1237 etiam
293 1183 467 1254 antiquitatis
481 1183 656 1251 memoriam,
671 1181 772 1236 virtute
787 1181 941 1254 superarit3
962 1196 1029 1253 'quae
1043 1199 1088 1236 res
1103 1193 1152 1252 est,

192 1277 254 1329 quae
269 1259 435 1331 cujusquam
450 1259 576 1313 animum
591 1260 621 1315 in
637 1259 690 1313 hac
705 1257 792 1313 causis
807 1258 924 1312 dubium
939 1257 1033 1313 facere
1046 1259 1152 1332 possiti

110 1379 114 1386 .
192 1332 254 1407 Ego
275 1335 352 1390 enim
374 1335 416 1390 sic
430 1336 570 1406 existimo,
585 1336 614 1390 in
638 1353 748 1390 summo
773 1335 939 1410 imperatore
961 1345 1083 1408 quatuor
1105 1337 1153 1392 has

191 1409 236 1465 r'es
252 1412 346 1468 inesse
359 1423 496 1486 oportere,
512 1413 659 1469 scientiam
674 1413 715 1468 rei
730 1412 868 1482 militaris,
883 1413 1024 1482 virtutem,
1037 1415 1155 1470 auctori·

188 1497 288 1558 tatem,
298 1489 469 1546 felicitatem.
508 1488 587 1550 Quis
598 1491 683 1566 igitur
695 1491 749 1546 hoc
763 1490 878 1546 homine
889 1490 1023 1546 scientior
1032 1509 1155 1564 unquam

144 1567 177 1620 15
193 1577 241 1622 aut
252 1567 314 1637 suit,
323 1579 371 1623 aut
379 1587 441 1624 esse
450 1569 569 1624 debuit?
589 1569 647 1642 qui,
657 1587 673 1624 e
684 1568 751 1624 ludo
763 1579 844 1642 atque
855 1567 982 1642 pueritia
995 1567 1156 1642 disciplina,

193 1643 267 1699 bello
280 1646 413 1713 maximo,
428 1657 511 1716 atque
526 1647 671 1700 acerrimis
686 1646 824 1714 hostibus,
839 1647 875 1700 ad
889 1646 975 1717 patris
990 1646 1157 1718 exercitum,

192 1729 274 1791 atque
286 1721 315 1774 in
328 1721 434 1775 militiae
445 1720 633 1792 disciplinam,
642 1721 784 1792 profectus
795 1731 853 1786 est;
868 1721 916 1791 qui
927 1719 1053 1774 extremi
1064 1723 1160 1792 pueri·

192 1795 231 1851 iit
247 1796 328 1851 miles
342 1797 395 1853 fuit
410 1797 513 1852 summi
524 1797 713 1872 imperatoris3
735 1796 852 1852 ineunte
863 1795 1055 1852 adolescentia
1069 1799 1161 1855 maxi-

192 1874 231 1929 mi
245 1874 304 1948 ipse
318 1875 459 1932 exercitiis
474 1875 641 1950 imperator;
662 1875 711 1950 qui
726 1871 829 1949 saepiirs
844 1892 912 1932 cum
926 1875 1006 1930 hoste
1020 1873 1158 1947 conflixit,

141 1955 176 2007 20
192 1949 277 2023 quam
292 1955 439 2024 quisquam
454 1971 519 2007 cum
535 1954 653 2010 inimico
666 1954 856 2020 concertavit;
876 1953 957 2025 plura
971 1951 1044 2007 bella
1057 1954 1157 2024 gessit,

191 2025 277 2098 quam
291 2029 386 2081 caeteri
400 2029 545 2100 legerunt;
566 2029 662 2099 plures
676 2029 837 2100 provincias
859 2028 992 2096 confecit,
1006 2025 1091 2099 quim
1109 2031 1158 2086 alii

191 2102 432 2174 concupiverunt;
454 2103 535 2176 cujus
550 2103 740 2159 adolescentia
752 2105 787 2158 ad
803 2104 952 2159 scientiam
963 2104 1005 2160 rei
1016 2105 1158 2178 militariS,

191 2196 248 2234 non
263 2179 364 2234 alienis
377 2180 534 2254 praeceptis,
550 2181 599 2236 sed
624 2181 682 2236 suis
708 2181 844 2255 imperiis,
869 2201 927 2238 non
952 2182 1159 2240 offensionibus

117 2265 119 2272 ‘
192 2255 268 2326 belli,
283 2257 332 2312 sed
346 2257 481 2326 victoriis,
496 2277 553 2313 non
568 2259 727 2332 stipendiis,
742 2259 792 2314 sed
806 2260 967 2334 triumphis,
979 2271 1023 2318 est
1037 2262 1158 2318 erudita.

142 2339 177 2391 25
191 2333 279 2392 Quod
293 2335 416 2406 denique
431 2351 521 2408 genus
533 2335 600 2392 belli
611 2355 673 2392 esse
684 2347 785 2410 potest,
800 2337 830 2393 in
844 2357 899 2411 quo
914 2337 993 2394 illum
1006 2357 1063 2394 non
1080 2357 1160 2394 exer-

192 2409 283 2464 cuerit
294 2409 404 2466 sortuna
415 2411 595 2484 reipublicael
617 2412 718 2482 Civile,
730 2414 910 2484 Africanum,
922 2415 1160 2488 Transalpinam,

191 2485 393 2560 Hispaniense,
416 2489 534 2544 mixtum
548 2509 584 2545 ex
597 2489 758 2546 civitatibus
773 2500 856 2563 atque
877 2509 913 2546 ex
935 2491 1162 2547 bellicosissimis

191 2564 362 2636 nationibus
377 2566 486 2637 servile,
501 2567 599 2623 navale
619 2568 733 2639 bellum,
744 2569 821 2624 varia
834 2578 862 2624 et
876 2568 987 2624 diversa
1008 2585 1116 2642 genera
1129 2579 1162 2625 et

192 2641 330 2700 bellorum
344 2655 374 2700 et
387 2645 521 2717 hostium,
536 2665 596 2702 non
610 2642 701 2702 solirm
716 2656 795 2722 gesta
810 2647 846 2702 ab
859 2647 914 2703 hoo
927 2665 996 2718 uno,
1010 2646 1161 2702 sedetiam

142 2727 177 2778 30
192 2721 333 2793 confecta,
348 2723 455 2779 nullam
469 2744 529 2780 rem
544 2744 606 2782 esse
620 2725 764 2785 declarant
786 2725 817 2781 in
830 2744 884 2781 usu
898 2724 1011 2782 militari
1024 2723 1170 2797 positam,

191 2815 254 2870 quae
269 2800 352 2870 hujus
368 2801 417 2853 viri
432 2801 580 2854 scientiam
596 2802 691 2872 fugere
705 2802 799 2872 possit.

231 2872 284 2924 XI.
326 2872 391 2926 Jam
405 2871 471 2926 vero
486 2875 580 2928 virtuti
603 2875 656 2927 Cn.
672 2875 801 2946 Pompeii
816 2893 879 2946 quae
892 2887 985 2946 potest
997 2897 1048 2948 par
1066 2878 1163 2934 oratio

192 2945 332 3000 invenirit
345 2947 413 3018 quid
427 2957 478 3016 est,
492 2949 566 3019 quod
581 2949 729 3021 quisquam
743 2960 791 3005 aut
804 2950 923 3022 dignum
939 2950 995 3019 illo,
1010 2962 1059 3006 aut
1077 2955 1163 3011 vobis

192 3039 308 3093 novum,
322 3034 370 3080 aut
384 3024 516 3097 cuiquam
532 3025 701 3095 inauditum,
712 3027 800 3100 possit
813 3027 934 3082 afferret
960 3026 1062 3101 Neque
1077 3030 1165 3087 enim

142 3105 177 3158 35
193 3098 247 3154 illae
262 3113 328 3156 sunt
341 3103 406 3156 solae
420 3102 536 3158 virtutes
551 3102 746 3176 imperatoria,
761 3123 823 3176 quae
846 3102 932 3177 vulgo
947 3106 1164 3181 existimantur,

193 3177 270 3231 labor
295 3178 324 3230 in
338 3177 461 3248 negotio,
485 3179 618 3243 fortitudo
632 3179 662 3234 in
677 3180 821 3252 periculis,
835 3179 975 3236 industria
988 3182 1018 3238 in
1033 3187 1163 3256 agendo,

193 3251 322 3306 celeritas
337 3251 366 3304 in
380 3253 569 3326 conficiendo,
581 3255 729 3312 consilium
744 3257 774 3312 in
789 3257 978 3332 providendo;
996 3257 1062 3334 ¹quae
1076 3271 1163 3318 tanta

194 3336 260 3382 sunt
273 3327 303 3382 in
318 3327 371 3384 hoc
385 3347 452 3400 uno,
466 3342 570 3406 quanta
584 3333 614 3388 in
637 3335 771 3390 omnibus
794 3336 909 3409 reliquis
929 3337 1161 3412 imperatoribus,

127 3405 130 3410 '
192 3421 263 3476 quos
282 3415 329 3462 aut
343 3406 464 3464 vidimus
478 3419 526 3466 aut
539 3410 708 3483 audivimus,
722 3431 780 3469 non
794 3413 923 3484 firerunt„
1083 3480 1086 3486 ¹

143 3489 178 3542 4ο
232 3480 330 3538 Testis
344 3494 386 3538 est
399 3483 489 3558 Italia,
501 3506 585 3561 quam
600 3489 646 3545 ille
656 3489 717 3564 ipse
731 3492 828 3564 victor,
842 3491 876 3548 L.
892 3491 980 3563 Sulla,
996 3492 1080 3566 hujus
1102 3493 1164 3549 vir·

193 3569 253 3614 tute
267 3569 296 3615 et
309 3559 434 3617 subsidio
455 3566 600 3623 consessus
623 3579 667 3625 est
679 3569 834 3627 liberatam.
875 3567 973 3624 Testis
987 3581 1031 3626 est
1045 3569 1163 3640 Sicilia,

194 3654 288 3709 quam,
299 3637 394 3692 multis
405 3640 529 3712 undique
543 3645 666 3701 cinctam
674 3648 819 3720 perieulis,
830 3663 887 3700 non
898 3655 1004 3702 terrore
1016 3647 1093 3717 belli,
1105 3648 1165 3704 sed

194 3713 337 3769 celeritate
352 3714 472 3784 consilii,
486 3719 642 3791 explicavit.
665 3723 762 3779 Testis
776 3733 819 3778 est
832 3721 941 3794 Africa,
955 3743 1027 3796 quae,
1040 3725 1165 3798 magnis

194 3809 326 3866 oppressa
337 3791 458 3846 hostium
470 3793 568 3867 copiis,
580 3813 677 3854 eorum
689 3797 815 3871 ipsorum
827 3801 965 3874 sanguine
976 3800 1162 3858 redundavit.
