2542 4212
143 351 185 406 44
423 330 548 382 eramo
564 333 630 382 eso
647 334 736 384 unce
752 332 916 384 niumm.

193 474 309 532 virtute:
329 473 413 548 hujus
433 485 527 530 eutem
553 475 689 532 orationis
709 474 854 532 difficilius
875 484 918 532 est
938 473 1046 531 exitum
1065 469 1146 548 quim

192 550 364 625 principium
378 551 521 608 invenire:
542 552 581 608 ita
594 551 664 608 mihi
684 569 741 608 non
761 561 820 608 tam
839 552 930 626 copis,
944 549 1030 626 quim
1051 552 1146 612 modus

192 627 222 682 in
236 627 359 684 diceudo
371 626 539 700 quaerendus
552 639 602 684 est.

230 703 271 760 II.
312 705 416 778 Atque,
436 715 468 761 ut
488 706 555 763 inde
577 707 666 764 cretio
686 723 750 762 mea
769 705 971 782 proficiscatur,
991 705 1068 762 unde
1089 704 1147 761 hec

157 781 284 842 5omnis
304 800 393 838 cause
410 782 539 852 ducitur3
561 783 665 840 beilum
687 802 771 858 graue
792 793 822 840 et
841 783 1030 858 periculosum
1052 781 1150 839 vestris

191 858 375 932 vectigalibus
389 869 472 930 atque
486 861 571 914 sociis
591 879 608 915 a
628 862 739 917 duobus
759 860 962 934 potentissimis
981 860 1098 934 regibus
1109 860 1149 914 iu·
1210 903 1216 916 .

191 933 286 1002 fertur,
307 933 473 988 Mithridate
493 944 522 990 et
543 935 685 1007 Tigrane;
706 953 823 1006 quorum
845 938 914 992 alter
931 937 1059 1006 relictus,
1081 935 1148 992 alter

189 1007 345 1079 lacessitus,
358 1008 536 1072 occasionem
557 1011 621 1079 sibi,
635 1011 671 1068 ad
691 1013 886 1083 occupandam
900 1013 1012 1082 Asiam,
1025 1012 1148 1069 oblatam

190 1103 252 1141 esse
266 1086 422 1142 arbitratur.
463 1085 613 1159 Equitibus
628 1085 766 1142 Romanis
778 1086 981 1142 honestissimis
991 1087 1067 1158 viris,
1084 1089 1150 1144 affe·

140 1173 174 1224 10
189 1172 289 1218 runtur
302 1181 338 1218 ex
352 1159 423 1218 Asiit
437 1163 561 1235 quotidie
575 1163 672 1234 literae,
686 1181 802 1236 quorum
815 1181 926 1238 magne
946 1181 992 1221 res
1011 1175 1149 1237 aguntur,

188 1238 219 1296 iu
233 1239 332 1294 vestris
346 1239 529 1312 vectigalibus
544 1240 710 1298 exercendis
723 1249 884 1315 oocupstae;
905 1239 954 1313 qui
969 1240 1004 1296 ad
1025 1259 1082 1311 me,
1096 1259 1150 1316 pro

187 1314 399 1370 necessitudine
412 1333 474 1388 quae
488 1316 557 1372 mihi
570 1327 613 1372 est
626 1335 692 1372 cum
707 1317 753 1373 illo
767 1317 875 1388 ordine,
887 1335 1002 1373 causam
1015 1317 1149 1392 reipubli-

187 1408 229 1446 cae
248 1390 430 1464 periculaque
450 1409 544 1449 rerum
571 1413 686 1451 suarum
713 1393 891 1450 detulerunt:
912 1393 1064 1467 Bithyniae,
1085 1414 1149 1468 quae

187 1485 265 1523 nunc
278 1479 369 1526 vestra
381 1469 527 1544 provincia
540 1481 593 1541 est,
608 1471 684 1528 vicos
694 1481 807 1528 exustos
817 1489 879 1530 esse
890 1471 1065 1546 complures3
1086 1491 1150 1546 reg-

139 1546 171 1599 15
186 1563 255 1603 num
277 1545 492 1618 Ariobarzanis
505 1549 579 1622 quod
600 1548 750 1605 finitimum
770 1559 814 1606 est
833 1549 930 1606 vestris
951 1549 1150 1624 vectigalibus,

186 1634 275 1680 totum
296 1644 358 1680 esse
379 1625 409 1680 in
430 1626 552 1682 hostium
573 1636 725 1698 potestate3
747 1626 910 1697 Lucullum,
932 1627 1042 1700 magnis
1061 1627 1150 1682 rebus

185 1701 282 1772 gestis,
298 1701 334 1754 ab
347 1718 381 1756 eo
396 1701 469 1756 bello
483 1701 645 1767 discedere;
667 1703 734 1756 huic
748 1703 795 1774 qui
816 1702 992 1770 successerit,
1006 1720 1063 1756 non
1078 1704 1150 1758 satis

185 1793 247 1832 esse
261 1786 387 1850 paratum
402 1777 438 1832 ed
451 1787 560 1834 tantum
582 1776 686 1834 bellum
707 1777 977 1845 administrandum
998 1795 1087 1832 unum
1110 1781 1149 1834 ab

185 1853 316 1910 omnibus
330 1855 415 1911 sociis
428 1865 458 1912 et
470 1855 578 1910 civibus
592 1855 627 1911 ad
643 1855 672 1911 id
691 1854 796 1911 bellum
816 1855 1013 1930 imperatorem
1030 1854 1149 1928 deposci

134 1931 170 1986 20
186 1942 268 2005 atque
282 1931 390 2006 expeti;
412 1933 536 1988 eundem
550 1934 627 1988 hunc
641 1951 730 1988 unum
743 1932 781 1988 ab
792 1933 920 1990 hostibus
934 1932 1032 2002 metui,
1047 1943 1150 2006 praete·

184 2027 233 2062 rea
245 2027 397 2063 nemmem.

223 2082 393 2155 Causaque
407 2083 451 2152 sit,
466 2082 584 2139 ridetis:
606 2101 694 2154 nunc,
708 2084 775 2156 quid
797 2084 938 2160 agendum
954 2085 999 2156 sit,
1015 2084 1149 2144 conside·

184 2169 251 2216 rate.
293 2157 420 2216 Primum
434 2159 504 2215 mihi
519 2160 626 2216 videtur
641 2161 676 2217 de
691 2179 795 2236 genere
808 2161 885 2232 beili,
899 2161 1003 2219 deinde
1017 2163 1054 2220 de
1067 2181 1148 2240 meg-

184 2237 324 2308 nitudine,
338 2248 398 2294 tum
412 2237 448 2293 de
462 2236 628 2312 imperatore
641 2239 802 2314 deligendo,
816 2258 880 2295 esse
894 2239 1056 2297 dicendum.
1088 2242 1148 2298 Ge·

133 2319 169 2374 25
184 2333 241 2370 nus
252 2327 294 2371 est
309 2315 374 2370 belli
387 2315 537 2388 ejusmodi,
551 2315 625 2388 quod
639 2313 763 2372 maxime
778 2327 883 2375 uestros
896 2317 1005 2374 animos
1019 2318 1147 2376 excitare

184 2401 265 2464 atque
287 2391 459 2446 inflammare
480 2393 515 2447 ed
536 2393 660 2448 studium
681 2395 868 2467 persequendi
889 2395 997 2450 debeat.
1038 2396 1147 2468 Agitur

183 2469 259 2524 enirn
270 2467 364 2542 popuii
378 2467 503 2525 Romani
514 2469 612 2544 glor-ia,
623 2487 685 2542 quae
695 2470 774 2526 robis
788 2489 805 2524 a
815 2469 976 2543 majoribus,
988 2467 1056 2526 cirm
1067 2489 1147 2543 mag-

182 2563 220 2601 na
230 2545 260 2601 in
276 2546 360 2602 rebus
373 2545 514 2618 omnibus,
528 2557 588 2602 tum
604 2563 715 2603 summe
729 2547 759 2603 in
773 2563 803 2602 re
825 2546 949 2618 militari,
963 2546 1065 2603 tradite
1081 2557 1145 2604 cst:

182 2623 274 2698 agitur
285 2623 361 2680 selus
372 2624 510 2682 sociorum
522 2635 604 2698 etque
615 2625 780 2695 amicorum,
790 2643 841 2698 pro
851 2624 908 2698 que
921 2624 1009 2680 multa
1021 2624 1146 2698 majores

92 2731 95 2740 v
132 2705 167 2760 30
182 2702 264 2758 vestri
280 2721 384 2778 magna
404 2712 438 2757 et·
452 2703 547 2776 giavia
568 2701 640 2758 bella
660 2711 823 2776 gesseruut:
845 2711 967 2776 aguntur
987 2703 1147 2762 senissima

180 2781 275 2854 populi
286 2779 412 2835 Romani
423 2779 571 2852 veotigalia
582 2790 610 2833 et
620 2779 743 2834 maxims
754 2799 760 2845 ;
781 2779 884 2852 quibus
894 2779 1014 2848 amissis,
1026 2789 1054 2836 et
1063 2779 1161 2854 pacis·

181 2865 355 2922 ornamenta,
370 2865 399 2908 et
417 2853 543 2908 subsidia
563 2853 638 2922 belli,
652 2855 816 2926 requiretis:
838 2867 959 2931 aguntur
981 2855 1054 2912 bona
1073 2856 1147 2912 mul·

181 2942 273 2988 torum
295 2930 409 2998 civium,
423 2928 526 3000 quibus
545 2939 588 2984 est
602 2949 619 2985 a
632 2930 720 3002 vobis,
735 2943 763 2988 et
783 2933 907 3008 ipsorum
927 2942 956 2987 et
977 2932 1144 3004 reipublicae

182 3005 277 3076 causi,
292 3005 505 3062 consulendum.

131 3091 166 3144 35
221 3081 276 3140 III.
317 3081 364 3154 Et,
372 3083 503 3157 quoniam
515 3103 625 3160 semper
636 3097 799 3161 appetentes
809 3087 904 3161 gloriae
913 3094 1014 3160 praeter
1025 3094 1145 3143 ceteras

199 3172 290 3230 entes,
300 3171 384 3232 atque
394 3161 467 3216 avidi
477 3160 568 3218 leudis
580 3163 680 3235 fuistis,
689 3165 809 3220 delenda
819 3162 898 3218 vobis
908 3171 951 3216 est
962 3158 1008 3216 iiia
1018 3163 1144 3234 macula,

216 3236 376 3294 ithridetico
386 3237 459 3294 bello
472 3239 614 3312 superiore
628 3251 774 3314 suseepta3
795 3257 857 3311 quae
871 3237 985 3312 penitus
995 3237 1053 3311 jam
1068 3237 1145 3294 inse-

182 3315 223 3371 dit
236 3325 319 3388 atque
333 3314 496 3372 inveteravit
510 3315 539 3372 in
553 3319 648 3392 populi
663 3315 788 3376 Romani
802 3315 916 3371 nomine
927 3311 1029 3389 z'qudd
1043 3315 1077 3385 is,
1092 3317 1142 3390 qui

181 3411 241 3449 uno
254 3392 311 3463 die,
324 3392 383 3449 rote
397 3393 477 3470 Asis,
492 3404 532 3450 tot
546 3394 576 3450 in
590 3394 758 3464 civitatibus,
774 3409 832 3449 uno
852 3393 963 3464 nuntio,
978 3403 1061 3467 etque
1082 3391 1165 3450 uns*

133 3479 168 3532 4ο
182 3469 325 3527 litera-rum
339 3469 556 3544 significatione,
570 3472 646 3528 cives
666 3470 812 3530 Romanos
832 3471 977 3528 necandos
998 3470 1142 3527 trucidan-

182 3547 287 3621 dosque
302 3547 451 3617 denotavit,
465 3567 524 3604 non
538 3546 623 3606 mode
637 3549 730 3604 'adhuc
750 3567 862 3626 prunam
883 3548 997 3617 nullam,
1012 3565 1063 3604 suo
1082 3547 1142 3620 dig·

183 3641 249 3686 uem
262 3623 379 3692 scelere,
391 3624 526 3696 suscepit,
540 3627 590 3680 sed
601 3627 637 3681 ab
648 3627 695 3682 illo
708 3636 832 3700 tempore
843 3641 949 3680 annum
957 3623 1015 3697 jem
1026 3624 1141 3681 tertium
1215 3653 1218 3657 ·

183 3712 212 3759 et
224 3699 391 3758 vicesimum
411 3709 526 3772 regnem
548 3711 576 3756 et
590 3703 629 3757 ita
641 3711 750 3774 regnat,
767 3713 798 3758 ut
812 3719 843 3756 se
856 3719 915 3757 non
931 3699 1031 3771 Ponto,
1047 3717 1140 3772 neque

182 3776 371 3855 cappadocie
391 3773 514 3844 latebris,
537 3777 679 3832 occuitare
701 3777 776 3847 velit,
790 3777 839 3833 sed
862 3776 1141 3852 emergereepatrio
1197 3844 1202 3852 Ι
1250 3795 1251 3826 ;
