2542 4212
367 299 493 352 omrro
509 299 575 350 rao
591 300 680 352 asca
696 299 858 354 niniam.
944 375 947 382 Ι
1102 306 1143 364 45

132 463 230 525 regno,
248 457 329 519 atque
349 445 380 500 in
400 445 500 500 vestris
520 445 713 520 vectigalibus,
727 446 781 501 hoc
801 455 855 514 est,
868 445 898 500 in
918 443 996 502 Asin
1015 443 1090 518 luce,

131 525 248 582 versari.
288 523 401 578 Etenim
415 523 509 576 adhuc
523 522 562 577 ita
575 522 657 578 vestri
672 539 738 577 cum
749 519 798 577 illo
808 539 875 596 rega
885 522 1091 579 contenderunt

131 603 323 676 imperatores,
334 609 365 654 ut
378 599 413 654 ab
424 598 471 654 illo
482 599 605 672 insignia
620 598 751 668 victoriae,
763 615 820 654 non
834 599 988 668 victoriam,
999 617 1090 673 repor-

131 690 231 735 tarent.
273 675 473 750 Triumphavit
492 675 526 730 L.
550 675 638 744 Sulla,
659 675 841 748 triumphavit
860 675 893 730 L.
914 674 1035 732 Murena
1053 677 1090 733 de

132 754 307 824 Mithridate,
318 755 375 808 duo
388 752 529 809 fortissimi
544 751 607 821 viri,
618 762 646 807 et
660 752 762 807 summi
776 752 972 825 imperatores:
992 753 1091 809 sedita
1123 761 1141 812 5

131 833 349 906 triumphirunt,
363 840 396 885 ut
406 829 451 884 ille
464 829 563 902 pulsus
581 839 783 902 superatusque
803 839 940 902 regnaret.
982 829 1092 886 Verun-

132 919 230 964 tamen
244 909 300 963 illis
313 907 523 979 imperatoribus
540 905 602 960 laus
622 915 665 960 est
685 905 843 974 tribuenda,
856 902 933 978 quod
953 915 1089 980 egerunt;

134 985 220 1040 venia
232 983 332 1052 danda,
346 980 421 1056 qnbd
434 983 622 1055 reliqueruut;
642 991 789 1056 propterea
808 978 882 1053 qubd
905 982 942 1046 ab
960 1001 995 1039 eo
1015 982 1090 1040 bello

135 1061 241 1116 Sullam
254 1061 284 1116 iu
299 1059 409 1115 Italiam
422 1060 590 1133 respublica,
605 1055 757 1114 Murenam
771 1058 860 1128 Sulla,
873 1059 1022 1115 revocavit.

172 1137 223 1193 IV.
266 1136 445 1192 Mithridates
466 1147 557 1192 autem
578 1153 662 1192 omne
683 1135 820 1208 reliquum
840 1145 961 1209 tempus,
976 1153 1033 1192 non
1054 1136 1089 1192 ad
1107 1144 1141 1196 1⁰

133 1215 304 1277 oblivionem
315 1213 416 1268 veteris
427 1213 502 1283 belli,
510 1214 560 1268 sed
572 1213 607 1268 ad
619 1211 858 1285 comparationem
869 1212 944 1282 nori,
953 1213 1087 1269 contulit:

133 1291 180 1364 qui
192 1301 373 1366 posteaquam
388 1290 524 1344 maximas
538 1288 706 1343 adificisset
715 1288 895 1361 ornassetque
906 1289 1022 1357 classes3
1043 1309 1091 1346 ex-

133 1369 290 1441 ercitusque
310 1385 488 1441 permagnos,
502 1366 716 1438 quibuscunque
737 1383 773 1420 ex
792 1365 925 1438 gentibus
943 1367 1089 1440 potuisset,

133 1445 336 1518 comparasset,
350 1454 379 1498 et
392 1461 422 1497 se
436 1441 614 1516 Bosporanis,
628 1440 755 1498 finitimis
775 1441 844 1511 suis,
858 1441 963 1498 bellum
987 1443 1090 1500 inferre

134 1521 313 1586 simulassem
333 1519 466 1592 usquein
480 1517 646 1592 Hispaniam
667 1517 772 1594 legatos
792 1517 946 1574 Ecbatanis
959 1519 1036 1575 misit
1055 1519 1141 1578 ad15

134 1615 185 1652 eos
199 1597 296 1666 duces,
311 1595 477 1668 quibuscum
497 1605 556 1650 tum
571 1593 674 1649 bellum
687 1595 869 1668 gerebamus:
890 1606 932 1664 ut,
945 1592 1012 1651 ciam
1025 1597 1091 1654 dno·

76 1691 81 1697 ·
132 1673 187 1729 bus
209 1674 239 1728 in
260 1673 332 1730 locis
355 1671 583 1745 disjunctissimis
605 1668 784 1744 maximeque
806 1672 936 1744 diversis,
949 1691 1007 1730 uuo
1025 1691 1091 1732 con·

132 1751 207 1820 silio,
220 1769 239 1805 a
251 1750 327 1805 binis
339 1749 461 1805 hostium
474 1749 563 1822 copiis
574 1748 679 1804 bellum
698 1748 772 1804 terri
792 1747 918 1824 marique
937 1763 1090 1825 gereretur,

133 1843 195 1894 vos,
209 1826 325 1898 ancipiti
339 1825 517 1880 contentione
532 1825 662 1894 districti,
676 1825 711 1879 de
726 1825 842 1900 imperio
855 1826 1034 1884 dimicaretis.

176 1902 235 1958 Sed
249 1911 344 1957 tamen
358 1900 473 1956 alterius
485 1900 571 1974 partis
581 1900 746 1974 periculum,
758 1901 926 1960 Sertoriana
936 1913 1018 1977 atque
1027 1903 1092 1960 His·
1107 1907 1144 1962 2⁰

132 1979 287 2055 paniensis,
309 1997 371 2052 quae
391 1974 480 2034 multd
500 1977 563 2052 plus
584 1977 752 2035 firmamenti
773 1997 808 2035 ac
828 1980 935 2037 roboris
961 1981 1091 2054 habebat,

133 2056 187 2112 Cn.
201 2056 328 2130 Pompeii
349 2055 445 2112 divino
465 2055 585 2112 consilio
606 2074 640 2112 ac
663 2056 800 2131 singulari
822 2057 922 2114 virtute
944 2057 1092 2134 depulsum

132 2145 190 2190 est:
212 2134 242 2189 in
264 2132 352 2188 alteria
372 2143 450 2207 parte
471 2133 510 2188 ita
529 2151 575 2188 res
596 2151 614 2187 a
633 2132 666 2187 L.
687 2132 819 2200 Lucullo,
832 2149 943 2186 summo
961 2135 1029 2201 viro,
1049 2146 1093 2188 est

131 2210 336 2278 administrata,
349 2221 381 2265 ut
394 2209 475 2264 initia
489 2209 536 2263 illa
549 2219 692 2281 gestarum
705 2225 799 2262 rerum
812 2225 916 2280 magua
929 2217 1010 2278 atque
1023 2225 1093 2280 pras·

131 2287 219 2354 clara,
240 2303 300 2340 non
321 2285 447 2339 felicitati
467 2283 538 2357 ejus,
559 2284 609 2338 sed
630 2284 740 2352 virtuti,
761 2285 824 2339 haec
845 2293 938 2340 autem
958 2293 1091 2354 meme,
1107 2288 1143 2342 ²5

130 2380 196 2435 quae
217 2379 307 2434 nuper
330 2361 504 2429 acciderunt,
526 2378 582 2416 non
604 2360 706 2434 culpe,
723 2361 773 2416 sed
797 2361 927 2431 fcnunae,
940 2359 1091 2417 tribuenda

130 2458 194 2494 esse
208 2437 364 2494 videantur.
406 2436 464 2492 Sed
477 2437 513 2492 de
527 2436 649 2494 Lucullo
662 2439 757 2495 dicam
777 2437 834 2494 alio
847 2437 924 2506 loco3
945 2447 974 2493 et
993 2437 1033 2494 ita
1051 2438 1093 2494 di·

130 2514 356 2583 cam,Quirites‚
367 2523 399 2568 ut
412 2531 503 2586 neque
517 2532 583 2569 vera
594 2513 657 2569 laus
666 2515 694 2570 ei
709 2516 834 2571 deuecta
847 2515 974 2571 oratione
987 2514 1091 2588 nostri,

131 2607 227 2661 neque
241 2589 311 2642 falsa
323 2589 425 2656 afficta,
434 2607 496 2643 esse
510 2589 644 2644 videatur.
678 2589 723 2654 De
737 2591 821 2648 vestri
831 2591 942 2666 imperii
955 2591 1092 2662 dignitate

132 2676 216 2738 atque
230 2664 332 2738 gloria,
346 2664 480 2736 quoniam
500 2663 524 2716 is
543 2673 586 2716 est
602 2682 720 2718 exorsus
741 2667 874 2722 orationis
894 2683 976 2733 meae,
989 2666 1091 2736 videte,
1107 2671 1143 2724 30

130 2761 218 2814 quem
232 2740 312 2796 vobis
326 2739 452 2792 animum
466 2737 677 2809 suscipiendum
689 2742 801 2813 putetis.

173 2818 210 2873 V.
250 2814 471 2889 Majoresresci
485 2831 570 2888 saepe,
584 2818 785 2874 mercatoribus
798 2836 833 2874 ac
852 2818 1032 2876 naviculariis
1051 2820 1094 2877 in-

127 2891 265 2971 juriosius
282 2892 421 2962 tractatis,
447 2891 520 2946 bella
538 2904 701 2966 gesserunt:
730 2912 789 2965 vos,
807 2905 847 2951 tot
865 2895 969 2952 civium
989 2896 1093 2955 Roma·

129 2991 233 3032 norum
253 2969 390 3038 millibus,
403 2987 462 3023 uno
475 2969 575 3024 nuntio
589 2979 671 3042 atque
685 2989 743 3027 uno
755 2981 890 3045 tempore,
905 2974 1024 3042 necatis,
1037 2994 1093 3048 quo

130 3051 246 3109 tandem
260 3047 357 3102 animo
370 3063 433 3100 esse
447 3045 578 3100 debetisl
599 3045 700 3120 Legati
712 3045 788 3120 qubd
803 3057 884 3102 erant
898 3047 1027 3120 appellati
1048 3069 1093 3104 su·
1109 3059 1144 3112 35

129 3123 256 3201 perbiits,
271 3123 442 3180 Corinthum
462 3133 554 3196 patres
575 3123 669 3193 vestri,
682 3123 768 3180 totius
788 3124 906 3180 Graecia
927 3124 1035 3196 lumen,
1048 3143 1095 3181 ex·

131 3205 267 3262 stinctum
281 3218 344 3256 esse
358 3199 521 3256 voluerunt:
542 3217 668 3255 roseum
682 3219 778 3274 regam
793 3201 912 3258 inultum
926 3221 989 3258 esse
1010 3201 1095 3276 patie-

132 3277 216 3344 mini,
239 3277 286 3350 qui
304 3277 428 3350 legatum
448 3275 544 3350 populi
565 3277 691 3333 Romani
712 3278 899 3346 consularem,
919 3279 1039 3334 vinculis
1059 3299 1094 3337 ac

131 3350 299 3414 ierberibus
316 3363 398 3424 atque
418 3354 495 3409 omni
514 3353 654 3428 supplicio
674 3353 877 3422 excruciatum,
896 3355 1026 3410 necavitl
1047 3355 1093 3414 Illi

128 3431 295 3488 libertatem
309 3427 413 3482 civium
426 3427 621 3486 Romanorum
633 3431 812 3486 imminutam
822 3447 880 3486 non
890 3429 1031 3488 tulerunt:
1046 3449 1094 3490 vos
1108 3441 1145 3494 4ο

129 3508 219 3564 vitam
234 3514 360 3578 ereptam
374 3504 541 3578 negligetisl
563 3506 616 3562 Jns
629 3505 788 3578 legationis,
802 3505 886 3563 verbo
896 3507 1039 3579 violatum,
1053 3510 1093 3566 illi

127 3583 274 3660 persecuti
289 3593 371 3642 sunt:
393 3601 442 3639 vos
457 3582 592 3658 legatum,
602 3581 681 3639 omni
696 3581 835 3654 supplicio
849 3583 1039 3653 intersectum,
1052 3603 1095 3639 re·

41 3715 65 3738 ,.,
128 3660 285 3741 linquetisl
320 3659 432 3734 Videte,
450 3679 499 3732 ns,
522 3671 556 3719 ut
580 3659 635 3716 illis
659 3657 879 3736 pulcherrimum
902 3662 965 3730 fuit,
988 3669 1095 3714 tantam
