2542 4212
382 309 514 360 ORATIO
531 311 600 361 PRO
615 311 647 371 Q.
664 311 821 364 LIGARIO.
1093 319 1127 376 71

135 447 202 504 nullo
221 447 332 522 publico
358 451 486 521 consilio,
514 451 698 510 deferebatur.
740 453 839 528 Itaque
864 452 1005 530 Ligarius,
1030 455 1079 530 qui
1186 449 1190 458 ’

133 535 208 580 omne
221 525 276 612 tale
289 527 435 600 negotium
456 539 573 601 cuperet
586 529 719 603 effugere,
740 527 856 604 paulum
869 531 990 588 adventu
1008 529 1078 589 Vari

134 612 291 674 conquievit.

166 677 202 732 II.
236 679 349 747 Adhuc,
372 678 425 734 Gai
446 678 552 749 Caesar,
572 679 613 739 Q.
635 680 767 754 Ligarius
787 681 864 738 omni
885 681 969 756 eulpa
988 694 1078 740 vacat.

133 752 216 810 Domo
231 765 274 810 est
287 772 428 828 egressus,
441 773 498 810 non
512 753 597 810 modd
619 755 729 811 nullum
743 757 778 812 ad
792 757 906 828 bellum,
928 758 977 813 sed
992 777 1029 814 ne
1044 759 1079 816 ad
1110 769 1129 821 5

132 830 269 885 minimam
283 831 398 902 quidem
413 831 604 904 suspicionem
619 831 702 886 belli:
722 832 830 906 legatus
845 833 874 888 in
887 851 958 908 pace
970 835 1080 908 profec-

131 916 180 974 tus,
197 906 227 960 in
239 907 385 979 provincia
406 907 583 978 pacatissimi
598 906 637 962 ita
650 925 681 961 se
694 909 790 981 gessit,
809 917 840 963 ut
852 909 879 964 ei
893 927 994 984 pacem
1015 929 1078 968 esso

131 982 276 1054 expediret.
317 981 454 1037 Profectio
474 979 549 1038 certe
571 983 698 1037 animum
718 993 797 1038 tuum
818 1003 875 1040 non
889 985 973 1042 debet
992 987 1079 1042 oll'en-

131 1058 200 1112 dere.
239 1056 316 1112 Num
331 1058 417 1132 igitur
430 1059 591 1114 remansiol
625 1055 718 1114 Multi)
733 1056 847 1115 minus:
862 1077 928 1116 narn
942 1061 1080 1134 profectio

130 1134 290 1189 voluntatem
306 1135 404 1189 habuit
417 1153 476 1190 non
490 1145 608 1207 turpem,
627 1135 769 1191 remansio
781 1135 866 1191 etiam
881 1137 1077 1194 necessitatem
1094 1145 1128 1200 to

128 1209 275 1265 honestam.
317 1210 393 1284 Ergo
411 1211 472 1265 lnec
493 1211 549 1266 duo
561 1221 686 1284 tempora
704 1221 802 1266 carent
821 1211 956 1282 crimiue;
978 1231 1076 1286 uuum,

128 1284 188 1342 citm
201 1297 244 1342 est
258 1287 367 1360 legatus
381 1286 539 1360 profectus3
561 1287 689 1355 alterum,
704 1283 781 1356 cirm,
803 1287 970 1364 efflagitatus
984 1309 1001 1345 a
1014 1309 1076 1364 pro·

114 1363 224 1432 uincit,
246 1364 411 1436 praepositus
433 1363 539 1418 Africae
560 1373 611 1418 est.
653 1361 783 1418 Tertium
806 1375 849 1420 est
869 1375 990 1440 tempus,
1010 1383 1076 1440 quo,

124 1443 183 1512 post
195 1441 346 1494 adventum
361 1439 440 1507 Vari,
461 1439 490 1493 in
505 1439 604 1495 Africa
619 1439 736 1506 restitit3
757 1440 832 1512 quod
847 1439 870 1496 si
884 1453 926 1496 est
946 1441 1077 1500 crimino·

125 1533 196 1582 sum,
210 1515 388 1570 necessitatis
402 1515 509 1570 crimen
523 1526 575 1584 est,
590 1533 646 1571 non
660 1515 818 1572 voluntatis.
860 1517 908 1572 An
922 1517 979 1586 ille,
992 1517 1016 1572 si
1031 1535 1077 1592 po·
1092 1527 1126 1580 15

124 1592 223 1648 tuisset
236 1591 314 1646 illinc
331 1591 387 1646 ullo
400 1592 483 1648 modo
495 1593 623 1661 evadere,
643 1591 734 1647 Uticae
748 1588 851 1666 potiits,
865 1589 950 1666 quim
964 1591 1075 1665 Rotam

122 1685 187 1724 cum
214 1667 245 1723 P.
269 1669 356 1734 Attio,
383 1666 467 1742 qudm
493 1687 558 1725 cum
586 1667 814 1724 concordissimis
841 1668 981 1740 fratribus,
1009 1687 1075 1727 cum

122 1745 221 1800 alienis
241 1763 313 1814 esse,
329 1743 415 1818 quam
431 1765 497 1801 cum
515 1747 585 1812 suis,
606 1745 772 1800 maluisset?
807 1741 881 1800 Cium
896 1745 956 1818 ipsa
973 1745 1075 1818 legatio

120 1821 205 1895 plena
219 1821 350 1876 desiderii
365 1840 398 1876 ac
417 1821 614 1876 sollicitudinis
627 1821 733 1891 fuisset,
751 1830 864 1894 propter
880 1819 1073 1876 incredibilem

120 1897 263 1970 quendam
280 1897 394 1952 fratrum
409 1915 541 1966 amorem,
557 1898 604 1952 hic
618 1915 697 1969 oequo
709 1899 804 1954 animo
818 1915 881 1953 esse
894 1895 993 1972 potuit,
1009 1895 1073 1953 belli
1087 1907 1125 1964 20

119 1974 240 2030 discidio
254 1974 404 2030 distractus
418 1994 434 2029 a
449 1974 601 2033 fratribusl

157 2049 276 2106 Nullum
290 2051 376 2124 igitur
390 2051 485 2121 habes,
505 2051 611 2120 Cesar,
627 2052 719 2108 adhuc
733 2053 764 2107 in
777 2051 817 2111 Q„
832 2051 947 2128 Ligario
961 2053 1074 2126 signum

117 2127 218 2183 alienae
245 2148 262 2184 a
287 2138 315 2184 te
339 2128 507 2184 voluntatis:
534 2128 616 2201 cujus
642 2147 696 2201 ego
722 2147 848 2197 causam,
875 2129 1074 2197 animadverte,

116 2222 221 2277 queso,
237 2205 294 2277 qut
314 2204 370 2259 fide
391 2205 551 2272 defendam,
572 2201 640 2258 cirin
658 2206 746 2278 prodo
765 2221 866 2259 meam.
907 2201 935 2258 Ο
954 2201 1076 2258 clemen·

113 2282 188 2338 tiam
207 2280 410 2349 admirabilem,
434 2291 515 2352 atque
533 2280 610 2335 omni
633 2281 726 2350 laude,
747 2280 956 2354 predicatione,
977 2278 1074 2350 literis,
1088 2288 1124 2342 25

115 2357 365 2430 monumentisque
382 2357 584 2413 decorandam!
621 2355 661 2411 Μ.
680 2356 785 2413 Cicero
804 2357 878 2432 apud
893 2367 920 2413 te
939 2355 1073 2427 defendit,

114 2435 207 2489 alium
221 2435 251 2490 in
272 2433 307 2490 ed
321 2434 461 2490 voluntate
481 2453 539 2490 non
554 2434 652 2502 fuisse,
671 2433 701 2488 in
714 2434 770 2506 qud
790 2433 912 2508 seipsum
927 2433 1074 2489 confitetur

114 2511 226 2577 firisse3
246 2529 302 2566 neo
322 2521 385 2566 tuas
398 2511 498 2566 tacitas
518 2511 702 2583 cogitationes
723 2511 899 2578 extimescit;
921 2527 985 2580 nec,
1006 2509 1073 2583 quid

111 2587 181 2655 tibi,
197 2587 233 2641 de
248 2587 304 2640 alio
319 2587 455 2653 audienti,
468 2587 504 2640 de
518 2605 548 2640 se
562 2587 625 2657 ipso
638 2597 774 2656 occurrat,
788 2587 956 2642 reformidat.

52 2731 55 2736 ,
156 2661 215 2718 ΙΙΙ.
251 2661 337 2729 Vide,
352 2657 436 2732 quam
458 2678 515 2714 nou
528 2660 723 2720 reformidem:
744 2663 815 2732 vide,
829 2671 933 2736 quanta
946 2661 994 2715 lux
1008 2659 1076 2714 libe·
1089 2671 1124 2724 3ο

110 2739 238 2796 ralitatis
259 2747 289 2793 et
311 2736 456 2809 sapientiae
480 2745 535 2791 tuae
557 2736 625 2791 milri
650 2739 723 2812 apud
747 2749 780 2795 te·
796 2738 902 2795 dicenti
923 2737 1074 2794 oboriatur.

108 2813 271 2876 Quantum
287 2809 394 2888 potero,¹
408 2831 477 2868 voce
490 2814 669 2885 contendam,
683 2825 714 2871 ut
726 2816 845 2890 populus
859 2815 912 2872 hoc
926 2813 1075 2872 Romanus

108 2893 259 2949 exaudiat.
302 2891 440 2964 Suscepto
466 2891 546 2960 bello,
574 2890 679 2962 Cesar,
699 2903 779 2966 gesto
806 2892 890 2948 etiam
914 2911 950 2948 ex
971 2892 1074 2967 magud

106 2981 205 3043 parte,
221 2968 300 3024 nulli
315 2969 342 3023 vi
361 2979 485 3036 coactus,
497 2967 605 3040 judicio
618 2986 651 3022 ac
669 2967 811 3022 voluntate
825 2968 861 3021 ad
876 2985 910 3022 ea
924 2987 1001 3022 arma
1014 2987 1075 3040 pro-

108 3047 208 3102 fectus
223 3064 297 3114 sum,
311 3061 374 3117 quae
389 3054 469 3098 erant
478 3053 589 3116 sumpta
603 3054 703 3099 contra
715 3053 752 3099 te.
793 3043 880 3115 Apud
893 3059 978 3115 quem
990 3043 1075 3116 igitur
1089 3051 1124 3104 35

105 3123 168 3178 hoc
183 3123 273 3178 dicol
294 3139 397 3193 nempe
409 3120 483 3192 apud
493 3137 569 3188 eum,
584 3119 641 3190 qui,
656 3117 723 3174 cirm
737 3120 791 3173 hoc
804 3119 897 3189 sciret,
911 3129 1006 3174 tamen
1020 3135 1074 3188 me,

104 3209 268 3269 antequam
282 3197 361 3266 vidit,
383 3195 546 3268 reipublicae
559 3195 696 3261 reddidit;
717 3195 765 3266 qui
780 3194 815 3248 ad
836 3213 881 3251 me
895 3214 931 3251 ex
951 3195 1075 3270 AElgypto

102 3276 215 3330 literas
227 3274 312 3340 misit,
326 3285 357 3328 ut
370 3291 462 3327 essem
481 3273 567 3340 idem,
581 3272 628 3344 qui
643 3272 774 3336 fuissem3
793 3271 851 3342 qui,
865 3268 932 3326 crim
946 3269 1005 3343 ipse
1026 3271 1075 3327 im·

100 3358 231 3425 perator
250 3347 280 3401 iu
293 3358 351 3402 toto
367 3348 483 3419 imperio
500 3347 595 3422 populi
614 3347 738 3412 Romani
760 3363 834 3399 uuus
853 3355 936 3416 esset,
955 3363 1017 3401 esse
1030 3365 1076 3403 me
1097 3375 1106 3422 ¹.

102 3427 241 3482 alterum
255 3441 354 3495 passus
367 3433 424 3488 est;
443 3441 535 3496 aquo,
550 3425 603 3478 hoc
624 3423 685 3495 ipso
698 3421 732 3476 C.
747 3419 841 3474 Pansa
861 3421 930 3476 mihi
944 3423 1125 3496 nuntiuon

99 3502 289 3578 perferente,
304 3517 454 3554 concessos
475 3501 563 3556 fasces
576 3499 715 3553 laureatos
730 3496 820 3566 tenui,
835 3497 925 3572 quoad
939 3499 1076 3555 tenendos

98 3579 229 3653 putavi;
252 3575 301 3649 qui
323 3575 471 3650 mihitum
493 3575 616 3646 denique
638 3589 668 3626 se
690 3571 808 3628 salutem
826 3575 933 3650 putavit
953 3573 1076 3648 dare,·si

98 3673 175 3712 eam
192 3651 283 3711 nullis
297 3651 442 3726 spoliatam
454 3648 629 3712 ornamentis
643 3646 774 3704 dedisset.
1075 3653 1079 3658 '
