2542 4212
112 281 150 339 ιο
289 291 292 296 ·
366 275 855 326 ORAT101.1NL.GAT1L1NAM.
943 271 945 275 ·
1033 235 1035 240 ¹

147 417 287 486 „misertus¹
301 413 369 474 citur
382 416 431 492 illi.
438 417 491 490 ipsi
505 415 658 485 venissent,
665 435 736 489 quos
750 433 803 490 ego
814 415 874 489 jam
887 414 984 471 multis
997 432 1032 470 ac
1046 431 1120 472 sum·

148 495 214 555 ¹mis
227 491 294 552 viris
307 493 343 547 ad
353 503 403 546 ¹me
417 492 446 548 id
460 492 594 565 temporis
608 505 739 548 venturos
749 504 814 546 'esse
827 491 1020 564 praedixeram.
1122 513 1151 540 c„

114 603 118 611 ·
198 571 235 626 V.
260 567 346 630 Quae
360 565 427 624 crim
441 569 480 624 ita
492 569 558 638 sint,
570 567 812 642 Catilina,perge,
821 563 879 639 qu'b
894 559 1021 642 caepisti:
1041 577 1120 642 egre·

159 646 226 704 dere
241 644 390 717 aliquando
403 643 538 700 ex'urbe:
559 654 657 718 patent
676 655 780 718 portae:
801 642 986 718 proficiscere.
1027 642 1120 700 Nimi·
1180 693 1182 702 .

132 719 208 780 som
232 722 282 776 diu
302 731 330 775 te
345 721 538 794 imperatorem
550 719 601 776 'illa
613 731 663 776 tua
674 719 823 778 Manliana
843 730 935 776 castra
950 721 1117 776 desiderant.

158 797 243 855 Educ
256 809 352 852 tecum
372 795 457 856 etiam
471 813 570 852 omnes
588 807 666 863 tuos3
688 797 712 852 si
734 793 845 866 minim,¹
858 793 943 869 quim
963 797 1117 870 plurimos:

157 892 248 948 purga
260 871 366 926 urbem.
384 898 388 906 ·
407 869 515 944 Magrio
535 889 581 926 me
605 880 681 926 metu
704 872 845 943 liberabis,
869 872 1021 938 dummodo
1045 872 1118 928 inter

155 953 204 1004 ine
218 955 343 1022 atque‘te
365 965 463 1006 murus
484 946 602 1002 intersit.
634 945 801 1003 ‘Nobiscum
816 949 920 1004 versari
935 949 995 1018 fam
1010 945 1118 1006 dintiris

158 1043 215 1082 non
229 1034 325 1098 potes:
347 1023 516 1092 nouderam,
530 1039 587 1080 non
608 1023 708 1095 patiar,
720 1041 777 1080 nou
792 1023 892 1080 sinam.
917 1075 918 1079 ,
966 1043 1041 1098 agna
1056 1024 1118 1080 Diis
1222 1051 1227 1060 ·

109 1099 360 1158 loimmortalibus
374 1099 504 1154 habenda
515 1109 558 1154 est
568 1099 667 1172 gratia,
681 1110 765 1172 atque
778 1100 847 1160 huic
860 1100 913 1175 ipsi
928 1099 990 1157 vai
1004 1100 1117 1171 statori,

157 1175 474 1249 antiquissimocustodi
490 1175 573 1248 hujus
586 1175 674 1245 urbis,
685 1177 762 1248 quod
777 1177 851 1232 hanc
864 1188 921 1233 tarn
935 1187 1128 1247 tetram-tam-

157 1251 328 1320 horribilem,
351 1261 465 1324 tamque
490 1249 816 1336 infestamreipublipe,
831 1264 938 1326 pestem
958 1255 1041 1310 toties
1059 1253 1117 1327 jam
1175 1281 1177 1286 .

35 1383 37 1388 .
157 1328 324 1401 effugimus.¹
354 1325 426 1402 Non
445 1337 488 1383 est
501 1328 603 1401 saepius
617 1327 646 1384 in
661 1347 719 1384 uno
733 1329 848 1385 homine
862 1330 938 1386 salus
951 1347 1060 1386 summa
1073 1347 1122 1403 pc-

71 1429 74 1434 ·
157 1404 306 1461 riclitanda
333 1403 505 1477 reipublice.
550 1403 699 1464 Quamdiu
727 1405 808 1473 mibi,
829 1405 937 1464 consuli
962 1407 1118 1480 designato,

109 1480 143 1532 15
157 1479 290 1550 Catilina,
300 1475 449 1538 insidiatus
462 1499 503 1552 ea,
516 1499 575 1552 non
588 1481 704 1554 publico
717 1500 762 1538 me
777 1483 919 1556 praesidio,
941 1485 990 1538 sed
1011 1482 1119 1556 privati

156 1556 315 1631 diligentia,
339 1555 463 1614 defendi.¹
506 1555 593 1627 cum,
606 1559 741 1636 proximis
767 1559 889 1616 comitiis
915 1559 1118 1630 consularibus,

128 1651 202 1702 ,me
229 1633 378 1702 consulem·
397 1634 427 1688 in
448 1633 567 1706 Campo,
589 1644 618 1688 et
643 1635 840 1708 competitores
866 1637 950 1721 tuoffi
962 1635 1118 1691 interlicere

156 1707 282 1776 voluisti;
311 1709 464 1782 compressi
487 1719 551 1765 tuos
578 1708 700 1766 nefarios
726 1722 844 1766 conatus
871 1728 1023 1766 amicorum
1050 1711 1119 1784 prsae·

156 1783 230 1840 sidio
249 1781 284 1840 et‘
294 1786 393 1858 copiis,
414 1783 492 1853 nullo
515 1785 636 1840 tumultu
656 1779 770 1858 publici,
789 1787 938 1842 concitato.
978 1785 1117 1860 Denique,

106 1859 142 1914 20
155 1859 376 1934 quotiescunque
399 1861 444 1916 me
456 1859 569 1935 petisti,
582 1880 632 1934 per
650 1879 697 1916 me
710 1862 762 1918 tibi
775 1861 869 1918 obstiti
880 1881 888 1929 3
909 1868 1067 1934 quanquam
1081 1864 1119 1918 vi-

156 1937 271 2004 debam,
281 1937 437 2010 perniciem
451 1955 543 1991 meam
561 1954 636 2000 cum¹
648 1937 753 2007 magnit
774 1937 934 1991 calamitate
954 1937 1117 2008 reipublicae

156 2029 219 2067 esse
233 2011 433 2084 conjunctam·
458 2009 547 2064 Nunc
559 2009 618 2080 jam
630 2007 728 2080 aperte
739 2009 942 2082 rempublicam
958 2013 1116 2070 universam

155 2086 244 2162 petia:
265 2087 368 2160 templa
381 2085 508 2140 Deorum
522 2083 731 2153 immortalium,
745 2093 821 2140 tecte
834 2085 921 2155 urbis,
930 2087 1014 2143 vitam
1027 2090 1117 2146 omni·

156 2181 204 2220 um
217 2163 332 2234 civium,
354 2160 465 2217 Italiam
485 2160 608 2234 denique
622 2169 718 2232 totam,
732 2160 769 2216 ad
783 2161 900 2220 exitium
914 2173 943 2219 et
956 2165 1114 2222 vastitatem

105 2255 141 2310 25
156 2259 246 2302 vocab.
1048 2268 1050 2272 '

193 2322 303 2392 Quare,
314 2322 446 2395 quoniam
461 2319 499 2390 id,
508 2322 582 2394 quod
595 2321 729 2395 primum,
743 2330 827 2393 atque
836 2313 924 2394 ‘hujus
938 2322 1048 2396 imperii
1062 2323 1117 2380 dis·

154 2398 323 2477 ciplinaeque
349 2398 486 2471 majorum
510 2398 650 2472 proprium
673 2408 727 2467 est,
741 2397 833 2452 facere
860 2399 986 2454 nondum
1010 2399 1116 2468 audem

155 2475 258 2536 faciam
272 2475 311 2544 id,
325 2474 400 2546 quod
415 2485 459 2532 est
480 2474 516 2532 ad
530 2474 705 2532 severitatem
719 2473 821 2544 leuius,
835 2474 914 2530 etad
935 2477 1116 2532 communem

155 2550 274 2608 salutem
289 2549 395 2610 utilius.
435 2548 466 2606 N
467 2567 522 2620 am,
536 2551 561 2606 si
574 2560 602 2608 to
613 2550 733 2608 interfici
742 2550 862 2624 jussero,
875 2551 1011 2609 residebit
1024 2552 1054 2608 iu
1075 2571 1117 2610 re-

104 2626 269 2701 30,publici
281 2626 333 2682 reli
352 2645 388 2686 ua
401 2627 610 2701 conjuratorum
625 2645 744 2696 mooun
766 2627 810 2684 sin
820 2638 852 2684 tu
867 2625 954 2701 (quod
968 2635 1002 2686 te'
1008 2628 1118 2702 jamdu-

154 2703 223 2763 dum
245 2645 352 2780 ho'rtorl
365 2704 481 2774 exieris,
496 2704 676 2762 exhaurietur
695 2719 732 2762 ex
753 2705 829 2760 urbe
844 2715 956 2763 tuorum
978 2705 1116 2761 comitum

154 2776 794 2854 magnaetpemiciosasentina[reipublicae].
826 2777 906 2838 Quid
914 2775 1117 2848 est,Catilirral

154 2873 222 2916 num
237 2855 403 2924 dubitasid,
417 2871 463 2912 me
482 2854 647 2930 imperante,
662 2853 764 2924 facere,
778 2854 852 2926 quod
870 2853 928 2926 jam
947 2855 997 2910 tui
1017 2868 1117 2930 sponte

155 2931 301 2990 ficiebasl
330 2931 416 3002 Exire
427 2949 463 2986 ex
472 2930 542 2985 urbe
553 2929 652 2987 consul
663 2931 771 2985 hostem
783 2929 878 3003 jubet:
894 2930 1049 3006 interrogas
1060 2949 1116 3005 me,

104 3027 140 3087 35
154 3026 224 3069 num
240 3009 270 3066 in
284 3008 436 3067 exsilium?
463 3005 535 3063 Non.
543 3005 647 3080 jubeo:
669 3005 730 3075 sed,
744 3006 768 3062 si
783 3023 828 3063 me
842 3008 976 3078 consulis,
989 3009 1102 3066 suadeo.
1114 3024 1119 3032 ·

193 3083 245 3143 vl.
279 3084 361 3145 Quid
381 3085 468 3152 enim,
486 3082 619 3152 Catilina,
633 3093 685 3152 est,
699 3083 773 3155 quod
794 3093 822 3138 te
843 3082 948 3159 jamin
970 3085 1025 3141 bic
1046 3085 1116 3142 urbe

155 3156 296 3218 delectare
313 3160 427 3235 ¹possiti
449 3158 487 3217 in·
498 3158 554 3232 qui
575 3177 661 3228 nemo
680 3169 723 3215 est
737 3158 830 3234 (extra
850 3160 932 3216 istam
951 3161 1117 3234 conjuratio·

154 3255 221 3296 nem
235 3237 407 3312 perditorum
431 3235 606 3312 hominum),
619 3236 667 3309 qui
688 3246 716 3294 te
735 3255 792 3292 non
813 3245 936 3305 metuat3
958 3255 1052 3308 nemo,
1065 3239 1116 3312 qui

155 3331 214 3376 nou
233 3313 331 3371 oderit.
372 3310 448 3372 Qua
469 3323 535 3368 ncta
557 3311 720 3372 domesticu
738 3312 920 3388 turpitudinis
940 3323 997 3371 nori
1023 3315 1117 3372 inusta

105 3400 141 3454 40
155 3391 218 3446 rita
229 3401 285 3446 tum
295 3390 354 3446 esti
375 3389 448 3462 quod
462 3390 630 3466 privatarum
644 3408 737 3448 rerum
751 3390 875 3447 dedecus
888 3409 946 3448 non
960 3389 1117 3466 haeret'[in-

155 3465 283 3542 famia]i
302 3465 461 3542 qualibido
476 3467 511 3523 ab
530 3467 630 3537 oculis,
651 3468 724 3542 quod
744 3468 855 3525 fucinus
876 3485 893 3524 a
914 3469 1045 3527 manibus
1065 3487 1117 3524 un·
1201 3515 1204 3520 .

155 3562 240 3618 quam
253 3544 319 3614 tuis,
330 3543 404 3617 quod
418 3541 554 3618 flagitium
567 3563 585 3601 a
598 3554 655 3602 toto
669 3545 913 3619 corpore‚sbfuirt
953 3543 1010 3600 Cui
1028 3554 1058 3600 tu
1069 3546 1117 3601 ad·

154 3620 340 3691 olescentulo,
351 3639 435 3694 quem
449 3621 667 3696 corruptelarum
682 3621 822 3680 illecebris
837 3617 984 3692 irretisses,
995 3640 1052 3678 non
1068 3633 1116 3680 aut

157 3699 193 3770 td
214 3698 367 3762 audaciam·
380 3697 494 3774 farrum,
519 3709 567 3759 aut
590 3699 626 3760 ad
649 3698 798 3790 libidinem
818 3699 919 3792 sacam,
946 3698 1116 3781 protutistit
