2542 4212
366 371 490 423 ennato
509 371 559 422 111.
572 373 612 423 ΙΝ
630 373 659 422 1..
674 375 881 425 cantarum.
1108 377 1144 437 81

181 507 267 566 vm.
305 509 476 586 Quanquam
489 515 552 570 hec
565 515 669 584 omnia,
678 514 818 586 Quirites,
829 516 868 571 ita
880 525 947 572 mut
959 535 976 572 r
988 533 1035 574 me
1050 515 1099 573 ad-

118 649 121 654 ·
143 587 308 657 ministrata,
322 599 353 644 ut
373 589 498 646 Deorum
519 591 720 646 immortalium
736 603 806 647 nutu
828 603 910 664 atque
930 593 1049 650 consilio
1067 603 1098 650 et

143 674 221 738 gesta
233 674 262 719 et
274 665 385 738 provisa
397 681 460 720 esse
474 666 630 721 rideantur.
670 666 759 740 quue
772 669 838 722 c'um
851 668 1015 740 conjecturd
1032 687 1098 726 cou-
1140 705 1143 716 ι

143 740 219 812 sequi
233 757 392 813 possumus,
407 737 497 815 (quod
511 742 557 796 rix
569 742 678 797 ridetur
692 743 809 797 humaui
829 743 939 798 consilii
959 753 1098 800 tantarum

142 833 234 872 rerum
248 817 416 890 gubernatio
429 831 492 871 esee
505 817 642 892 potuisse)
653 837 660 884 ;
680 828 741 873 tum
755 815 821 873 terd
835 819 874 873 ita
886 829 1041 891 promotes
1055 820 1099 875 liis
1129 825 1148 878 5

142 893 315 965 temporibus
323 910 406 966 opem
419 902 448 947 et
461 893 594 947 auxilium
607 893 688 948 uobis
701 893 832 964 tulerunt,
845 905 875 950 ut
888 912 937 950 eos
945 891 1020 968 penti
1033 913 1100 951 octr-

142 966 178 1022 lis
192 969 286 1022 videre
299 985 448 1042 possemus.
488 966 574 1037 Nam,
593 979 624 1024 ut
645 967 692 1025 illa
708 969 845 1039 omittam,
868 971 942 1026 visas
960 982 1099 1028 murno

142 1041 268 1117 tempore
283 1043 318 1098 ab
330 1043 488 1099 Occidente
509 1043 585 1099 laces
606 1045 789 1118 ardoremque
809 1046 883 1116 eceli,
897 1057 929 1102 ut
949 1047 1098 1103 fulminum

139 1119 239 1194 jactus,
254 1129 286 1174 ut
297 1129 378 1175 terre
392 1130 493 1190 motus,
506 1129 538 1176 ut
552 1129 664 1190 cetera,
676 1139 739 1194 qua
753 1132 811 1180 tam
824 1123 923 1192 multa,
937 1123 1019 1178 nobis
1032 1139 1099 1179 con·

141 1195 257 1266 sulibur,
271 1195 346 1252 facta
359 1206 435 1266 sunt,
450 1207 482 1252 ut
495 1197 566 1267 hnc,
580 1215 642 1269 qute
657 1215 735 1252 nunc
755 1197 837 1268 liunt,
852 1213 956 1254 ceners
977 1197 1026 1255 Dii
1047 1199 1098 1255 im·
1113 1205 1147 1258 1c

140 1273 270 1328 mortales
283 1273 458 1341 viderentur3
480 1273 535 1330 hoc
548 1269 636 1343 certe,
646 1271 786 1343 Quirites,
797 1275 871 1348 quod
885 1291 949 1332 sum
960 1275 1096 1347 dicturus,

141 1367 231 1422 neque
244 1350 515 1424 pretermittendum
530 1367 623 1422 neque
636 1350 852 1423 relinquendum
866 1362 916 1408 est.

179 1424 256 1482 Nam
269 1423 394 1500 prolecto
409 1426 543 1482 memorie
557 1427 670 1495 tenetis,
683 1426 768 1482 Cottt
780 1438 810 1483 et
820 1426 964 1502 Torquato
976 1427 1098 1485 oonsuli-

75 1551 78 1556 .
140 1502 203 1571 bus,
217 1501 375 1576 complures
390 1502 420 1557 in
433 1501 572 1574 Capitolio
586 1519 631 1556 res
645 1503 681 1556 de
695 1503 769 1558 eoelo
782 1521 844 1558 esse
858 1521 1016 1577 percussas,
1030 1501 1098 1560 cum

67 1601 72 1608 ·
141 1588 171 1634 et
190 1578 340 1634 simulacra
359 1577 483 1634 Deorum
504 1577 702 1632 immortalium
721 1577 838 1651 depulsa
857 1589 933 1649 sunt,
953 1589 982 1635 et
1002 1589 1099 1636 entus
1114 1585 1148 1639 15

141 1665 267 1710 veterum
283 1653 428 1710 hominum
442 1653 569 1728 dejecte,
583 1664 612 1709 et
624 1653 718 1729 legum
732 1671 788 1710 aera
798 1653 955 1728 liquefacta.
989 1653 1098 1713 Tactus

139 1742 182 1788 est
196 1731 280 1788 edam
295 1730 351 1800 ille,
365 1731 413 1804 qui
428 1731 501 1786 hanc
515 1731 615 1787 urbem
628 1731 764 1802 condidit,
779 1730 937 1800 Romulum
957 1748 1041 1806 quern
1056 1733 1098 1790 in-

141 1819 270 1864 auratum
279 1808 309 1862 in
317 1807 456 1880 Capitolio
463 1821 580 1879 parvum
592 1817 674 1878 atque
683 1807 844 1876 lactentem,
852 1809 986 1864 uberibus
993 1809 1097 1882 lupinis

141 1883 309 1952 inhiantem,
331 1881 418 1937 fuisse
438 1882 615 1936 meministis.
654 1880 724 1940 Quo
743 1882 857 1954 quidem
876 1893 1010 1956 tempore,
1030 1881 1097 1940 curn

75 2013 78 2018 ,
140 1959 284 2034 aruspices
293 1975 329 2014 ex
342 1958 402 2016 toti
416 1957 529 2014 Etrurii
540 1957 747 2027 convenissent,
756 1958 940 2032 cedesatque
954 1959 1096 2032 incendia,
1112 1973 1148 2028 20

140 2047 168 2092 et
180 2037 276 2111 legum
289 2035 442 2105 interitum,
453 2046 482 2092 ct
497 2034 599 2090 bellum
612 2031 695 2090 cir'ile
708 2050 742 2090 ac
755 2035 954 2106 domesticum,
968 2047 997 2092 et
1010 2038 1097 2094 totius

140 2113 218 2170 urbis
230 2123 313 2186 atque
326 2110 437 2186 iinperii
450 2128 583 2169 oecmum
595 2111 817 2186 appropinquare
827 2113 969 2182 dixerunt,
980 2113 1036 2170 nisi
1047 2112 1096 2172 Dii

139 2189 318 2260 immortales,
331 2189 409 2246 omni
422 2189 530 2246 ratione
542 2187 656 2262 placati,
670 2206 721 2245 suo
735 2189 852 2244 numine
865 2187 952 2263 prope
967 2189 1026 2245 late
1036 2189 1098 2264 ipsa

140 2265 293 2326 flexissem.

180 2342 289 2416 Itaque,
298 2342 409 2400 illorum
422 2342 572 2416 responsis,
583 2352 654 2399 tunc
667 2351 696 2398 et
708 2341 768 2398 ludi
781 2341 880 2398 desem
890 2361 940 2417 per
954 2343 1016 2399 dies
1030 2342 1097 2400 facti
1110 2354 1147 2410 25

139 2429 221 2487 sunt;
242 2437 333 2492 neque
357 2437 403 2476 res
422 2418 488 2489 ulla,
508 2437 571 2494 quas
593 2419 629 2475 ad
651 2418 822 2492 placandum
835 2418 913 2476 Deos
935 2420 1097 2494 pertineret,

136 2497 325 2570 pretermissa
338 2507 397 2552 est:
413 2496 553 2568 iidemque
559 2495 714 2568 jusserunt,
725 2495 907 2551 simulacrum
917 2495 995 2552 Jovis
1004 2496 1097 2552 lacere

139 2572 243 2703 gajus,
254 2573 322 2626 etin
333 2571 446 2698 expelto
456 2570 606 2638 collocare,
617 2581 655 2637 et,
667 2569 767 2697 corpittd
778 2581 861 2698 atque
872 2568 938 2699 eritltle
945 2571 1049 2699 guerat,
1061 2573 1097 2628 ad

170 2658 291 2703 rientem
305 2661 376 2700 conv
436 2661 483 2696 re:
498 2661 533 2696 ac
545 2661 576 2696 se
639 2661 702 2696 rare
733 2661 833 2698 merua
848 2664 884 2710 ,si
925 2663 944 2699 u
974 2665 998 2701 si
1039 2665 1097 2716 nur,

138 2723 215 2798 quod
235 2719 347 2789 ridetis,
362 2718 431 2774 solis
449 2726 550 2786 ortum,
564 2661 712 2786 οῑῳΐὲιιιιιι,
727 2717 891 2790 curiamque
912 2665 1097 2793 conspigdieret,
1112 2733 1148 2788 3⁰

139 2801 212 2868 sore,
227 2808 259 2854 ut
278 2815 313 2853 ea
332 2794 460 2862 consilia,
479 2811 541 2866 que
561 2790 636 2868 cldm
657 2803 752 2849 essent
772 2793 842 2850 inita
861 2805 960 2852 contra
980 2795 1098 2854 salutem

138 2876 225 2934 Urbis
245 2884 327 2948 atque
351 2871 472 2946 imperii,
494 2869 707 2940 illustrarentur,
728 2881 760 2926 ut
780 2889 797 2926 a
817 2883 918 2929 senatu
940 2871 1097 2948 populoque

137 2953 273 3017 Romano
280 2949 404 3026 perspici
417 2957 540 3022 possent.
575 2947 669 3020 Atque
683 2947 752 3002 illud
766 2947 806 3004 ita
818 2949 1017 3006 collocandum
1030 2969 1097 3008 con·

136 3019 269 3087 sulesilli
282 3029 459 3084 locaverunt:
481 3023 532 3080 sed
544 3033 623 3078 tanta
636 3022 688 3100 luit
702 3023 795 3096 operis
808 3025 934 3093 tarditas,
948 3036 989 3092 ut,
1004 3043 1095 3100 neque

137 3127 156 3163 a
176 3105 366 3182 superioribus
386 3099 562 3170 consulibus,
582 3117 675 3172 neque
696 3117 713 3154 a
733 3099 815 3156 nobie
837 3109 903 3156 ante
928 3101 1095 3160 hodiernum
1109 3115 1145 3170 35

137 3184 225 3253 diem,
238 3182 433 3239 collocaretur,
1132 3232 1135 3241 ,
1168 3211 1172 3218 -

101 3265 104 3270 ’
180 3257 233 3313 IX.
259 3257 318 3314 Hic
335 3257 400 3331 quis
418 3263 510 3331 potest
527 3261 601 3324 esse,
614 3251 753 3324 Quirites,
772 3263 829 3310 tam
850 3273 964 3311 aversus
984 3273 1000 3311 ιι
1020 3255 1123 3332 veros

139 3345 200 3391 tam
212 3349 346 3406 preceps,
359 3345 416 3389 tam
429 3342 525 3388 mente
539 3341 647 3404 eaptus,
660 3331 708 3404 qui
723 3341 819 3404 neget,
833 3332 894 3386 haec
908 3332 1013 3402 omnia,
1033 3353 1095 3407 quas

139 3409 281 3476 videmus,
300 3405 497 3480 precipueque
522 3407 596 3463 hanc
612 3407 725 3476 ,urbem
746 3405 872 3462 Deorum
896 3407 1094 3467 immortalium

138 3497 214 3544 nutu
224 3495 307 3557 atque
320 3491 454 3557 potestate
465 3483 671 3539 administrarit
702 3481 826 3552 Etenim,
839 3478 906 3538 cirrn
916 3497 990 3540 esset
1001 3485 1040 3542 ita
1052 3505 1095 3542 re·
1108 3495 1144 3549 4ο

49 3592 52 3598 ¹
138 3577 288 3639 sponsum,
314 3559 416 3630 caedes,
444 3557 586 3626 incendia,
607 3559 805 3630 interitumque
832 3559 992 3632 reipublice
1020 3579 1100 3616 com-¹

136 3639 243 3715 parari,
266 3633 308 3712 [et
320 3653 355 3692 ea
373 3653 422 3710 per
443 3631 543 3709 cives]
564 3652 625 3707 quae
641 3645 705 3696 ,tum
732 3645 843 3707 propter
870 3636 1096 3708 magnitudinem
1112 3637 1118 3650 '

137 3715 284 3774 welerum
303 3711 448 3770 nonnullis
467 3709 643 3766 incredibilia
662 3709 846 3776 videbantur;
879 3728 914 3765 ea
933 3726 991 3782 non
1011 3703 1097 3759 mode

136 3793 264 3869 cogitata
275 3809 294 3848 a
306 3789 425 3854 nefariis
430 3783 550 3858 civibus,
557 3781 656 3843 verum
670 3785 754 3842 etiem
767 3793 909 3857 suscepta,
919 3783 1098 3837 cessem*

29 3855 40 3874 .
94 3883 168 3992 ξ’,
