2516 4204
149 319 214 380 ,sss
449 293 918 366 'omarornmnrsnnnruu

238 454 267 510 0
280 454 445 529 preclarum
458 455 536 512 illum
544 455 795 530 :percursationem
803 464 883 510 tnam
902 467 1006 522 rnense
1020 449 1109 524 Aprili
1119 461 1168 507 et-

196 549 253 606 que
267 529 358 603 Mnic,
372 543 443 602 tum,
456 530 525 590 cunr
544 533 632 590 etiam
670 531 799 605 Capsum
837 528 980 586 coloniam
1022 527 1166 584 deducere
1203 559 1205 564 ·

177 620 318 666 ‚conum
331 610 381 666 esl
414 609 668 670 Quemadmodum
690 609 771 664 illinc
782 605 895 676 abieris,
909 603 953 660 vel
973 601 1070 678 potiris
1088 600 1166 679 pene

199 703 259 744 uon
272 687 385 757 abieris,
399 688 515 744 scimus.
551 687 609 744 Cui
619 697 651 744 tu
665 686 728 742 urbi
738 683 888 742 miniteris.
922 680 1036 740 Utinam
1046 699 1166 752 conere,

163 773 183 824 5
200 778 233 820 ut
247 763 401 838 aliquando
413 765 483 822 illud
498 769 516 796 “
528 761 626 822 Pene”
641 763 770 821 tollaturl

240 841 281 897 At
294 839 379 913 qudm
393 841 543 898 nobilitata
556 853 600 898 est
613 852 663 898 tua
683 841 731 896 illa
743 836 951 914 peregrinatio!
982 833 1064 894 Quid
1076 853 1170 909 pren·

197 917 310 972 diorum
331 928 491 990 apparatus,
512 918 581 990 quid
603 918 737 974 furiosum
759 915 940 974 vinolentiam
959 923 1046 982 tunm,
1068 913 1169 986 prose-

122 987 126 996 '
198 991 281 1048 raml
316 991 383 1048 Tua
396 992 451 1049 istu
464 993 634 1050 detrimenta
648 1003 733 1048 sunt:
748 993 796 1052 illu
809 993 913 1058 nostre.
955 991 1065 1066 Agrum
1079 989 1166 1046 Carn-

198 1085 316 1144 psnum,
339 1067 489 1145 (quicum
510 1071 546 1127 (le
567 1070 753 1145 vectigalibus
773 1070 962 1138 eximebatur,
982 1077 1014 1123 ut
1026 1067 1166 1124 militibus

152 1155 184 1209 ιο
199 1147 323 1217 deretur,
337 1158 432 1204 temen
443 1147 534 1222 infligi
546 1167 682 1221 magnum
692 1147 857 1221 reipublice
868 1147 972 1204 vulnus
981 1143 1165 1220 putabamus)

198 1223 276 1296 bunc
290 1233 321 1277 tu
335 1224 582 1296 compransoribus
595 1224 652 1280 tuis
671 1235 700 1278 et
714 1224 900 1280 collusoribus
913 1223 1068 1298 dividebas.
1108 1220 1168 1277 Mi-

196 1314 258 1356 mos
272 1298 336 1354 dico
349 1309 379 1354 et
391 1299 503 1370 mimas,
517 1299 616 1356 Patres
629 1299 802 1376 conscripti,
810 1301 849 1358 rin
862 1318 935 1373 agro„
945 1299 1097 1374 Campano
1110 1298 1169 1356 ool·

196 1373 312 1432 locatos.
352 1375 436 1436 Quid
457 1376 517 1451 jam
536 1395 636 1450 querar
656 1377 693 1434 de
714 1395 782 1452 egro
801 1376 970 1436 Leontiuol
989 1375 1170 1450 quandoqui-

197 1453 265 1510 dem
280 1453 324 1510 bre
338 1453 483 1528 quondam
498 1454 639 1512 erutiones
659 1453 801 1529 Campani
815 1465 845 1511 et
865 1453 1000 1512 Leontini
1013 1455 1046 1509 in
1068 1453 1169 1528 populi

148 1544 183 1596 15
199 1529 325 1588 Romen
335 1531 505 1606 patrimonio
520 1529 636 1608 [grandi
647 1531 769 1609 foenore]
784 1542 814 1588 et
827 1532 977 1588 fructuose
992 1530 1170 1586 ferebantur.

200 1605 318 1664 Medico
332 1609 387 1666 tris
399 1609 488 1666 millia
498 1609 641 1684 jugerum,
654 1610 776 1684 quesite
789 1627 889 1666 serrum
904 1607 1035 1673 lecisset3
1056 1607 1173 1666 rhetori

197 1684 265 1755 duo,
284 1685 366 1758 quasi
387 1685 525 1744 disertum
545 1687 639 1744 fecere
652 1687 794 1764 potuisset.
835 1681 1013 1742 Sed—.adttcr
1033 1680 1175 1742 Italiam·

197 1779 253 1834 que
267 1763 426 1819 redeamus.
916 1763 919 1768 ’
966 1794 969 1802 =
1123 1813 1127 1820 .

237 1837 302 1898 XL.
336 1839 488 1902 Deduxisti
502 1843 644 1902 muniam
659 1843 826 1912 Casilinum,
840 1835 896 1913 quo
911 1836 1007 1895 Cesar
1027 1832 1103 1892 autb
1123 1840 1172 1896 de·

145 1930 183 1986 2)
199 1917 325 1974 duxerat.
367 1917 543 1976 consuluisti
563 1939 609 1976 me
627 1939 678 1992 per
698 1921 796 1976 literss
816 1918 854 1974 de
871 1914 971 1990 Oepult
988 1923 1026 1970 tu'
1035 1913 1171 1986 quidem,

200 1991 263 2065 (sed
278 1993 354 2048 idem
378 1995 415 2048 de
430 1995 558 2050 Casilino
578 1994 805 2067 respondissem)
820 2011 966 2066 possesne,
981 1991 1030 2048 ubi
1052 1990 1171 2048 colonia

196 2077 282 2136 esset,
296 2063 331 2122 eti
353 2067 494 2130 coloniam
508 2081 612 2124 uorem
628 2067 865 2140 jurededuccrs.
906 2067 1032 2142 Negavi,
1054 2067 1084 2124 in
1101 2085 1170 2126 eum

188 2143 347 2216 coloniam,
361 2162 424 2219 que
436 2153 513 2202 esset
523 2139 669 2220 auspicati)
682 2143 815 2216 deductu,
823 2144 898 2202 -dum
909 2155 986 2212 esset
1000 2145 1171 2217 incolumis,

198 2221 340 2281 coloniam
353 2238 455 2282 novem
474 2222 537 2298 jure
550 2221 671 2280 deduci:
692 2223 810 2281 colonos
829 2240 918 2280 novos
933 2222 1058 2280 adscribi
1079 2241 1171 2296 posse

145 2315 182 2370 25
199 2301 337 2374 rescripsi.
379 2300 428 2356 Tu
446 2311 552 2373 autem,
573 2301 735 2358 insolentie.
748 2301 848 2371 elatus,
870 2299 949 2358 omni
969 2299 1169 2374 auspiciorum

195 2377 258 2450 jure
271 2377 394 2446 turbato,
414 2378 574 2434 Casilinum
588 2378 729 2434 coloniam
745 2377 898 2448 deduxisti,
917 2374 974 2450 quud
989 2387 1050 2434 erat
1062 2378 1168 2452 paucis

198 2451 281 2510 cunis
295 2449 362 2510 ente
376 2453 509 2524 deducte,
523 2463 556 2510 ut
569 2453 701 2510 vexillum
715 2453 837 2523 tolleres,
857 2464 889 2521 et
902 2465 1027 2510 aratrum
1041 2453 1170 2510 circum-

197 2531 336 2588 duceres:
361 2529 443 2607 cujus
465 2531 582 2606 quidem
605 2549 718 2589 vomere
741 2541 850 2606 portam
874 2529 982 2612 Capussa
999 2527 1077 2606 pene
1101 2549 1169 2606 per-

198 2609 346 2683 strinxisti,
361 2621 392 2668 ut
408 2609 536 2668 florentis
549 2610 669 2670 colonie
682 2609 857 2668 territorium
870 2609 1060 2672 minuerem·

144 2691 183 2748 30
239 2689 287 2746 Ab
299 2690 355 2747 hac
368 2689 538 2766 religionum
552 2689 772 2766 perturbatione,
786 2687 900 2746 advolas
910 2687 940 2744 in
955 2684 996 2744 Μ.
1011 2684 1172 2758 Varronis,

198 2767 371 2824 sanctissimi
386 2778 469 2840 atque
479 2768 656 2840 integerrimi
664 2767 727 2835 viri,
742 2766 863 2822 fundum
871 2764 1053 2828 Cassinstsm.
1085 2758 1173 2822 Quo

194 2842 278 2914 jurei
298 2860 353 2911 quo
373 2843 442 2898 orel
464 2841 595 2910 Eodem,
616 2842 806 2914 inquies,un
826 2842 857 2896 in
878 2842 1020 2898 heredum
1039 2835 1074 2894 L·
1091 2837 1171 2896 -Ru-

197 2916 261 2982 brii,
275 2932 332 2985 quo
345 2915 375 2970 in
390 2915 534 2968 heredum
549 2915 582 2970 L.
598 2915 725 2972 Turselii
738 2916 859 2990 praedius
868 2935 924 2988 quo
938 2918 969 2974 in
983 2916 1108 2989 reliquas
1124 2917 1170 2974 in-

196 2989 387 3048 numerabiles
412 2991 614 3066 possessiones.
656 2991 694 3048 Et
716 2992 739 3048 si
768 2992 804 3056 ab
827 2993 923 3063 «hasti,
940 2995 1036 3058 valent
1061 2993 1168 3064 hasta,-

145 3073 181 3128 35
198 3068 310 3126 valeant
333 3069 446 3140 tabule,
465 3065 550 3126 modii
573 3069 705 3141 Caesaris,
729 3089 786 3126 non
807 3080 862 3126 ture
873 3089 880 3136 ;
902 3069 1005 3141 quibus
1025 3070 1167 3143 debuisti,

197 3167 257 3206 non
268 3146 377 3216 quibus
393 3154 424 3197 tu
438 3155 466 3198 te
487 3145 648 3203 liberavisti.
691 3147 827 3200 Varronis
840 3145 958 3214 -quidem
967 3198 970 3206 ,
979 3143 1166 3206 Cassinstern

198 3223 316 3280 fundum
340 3217 403 3292 quis
421 3219 543 3274 veniisse
561 3221 650 3274 dicitl
671 3220 734 3290 quis
755 3221 864 3286 hastpm
880 3218 962 3274 istius
986 3222 1165 3292 venditionis

197 3296 289 3352 viditt
309 3297 372 3372 quis
385 3313 482 3354 vocem
500 3295 640 3369 praeoonis
654 3295 781 3352 audivitl
816 3291 931 3352 Misisse
941 3305 970 3356 te
983 3297 1057 3372 dicis
1072 3301 1165 3368 Ales·

197 3373 336 3447 sndriam,
364 3375 413 3450 qui
434 3382 542 3434 emeret
562 3392 580 3429 a
600 3373 723 3430 Cessare.
765 3371 865 3449 Ipsum
891 3375 968 3432 enirn
993 3389 1165 3451 exspectare

147 3461 182 3521 40
198 3470 333 3526 magnum
357 3453 417 3511 fuit.
457 3451 534 3514 Quis
552 3447 619 3508 verb
639 3451 747 3522 audivit
767 3471 906 3527 uuquam,
925 3451 1047 3528 (nullius
1062 3467 1166 3513 autem

198 3529 273 3588 salus
297 3549 372 3588 cure
393 3531 520 3605 pluribus
543 3529 611 3606 suit)
625 3531 671 3606 ‚de
694 3529 812 3596 fortunis
834 3530 970 3600 Varronis
991 3549 1050 3588 rern
1069 3529 1167 3590 ullam

197 3627 260 3666 esse
273 3608 449 3664 detrsotsml
480 3605 570 3670 Quod
584 3609 610 3666 si
622 3609 831 3682 etiamsoripsit
844 3608 879 3662 ad
893 3616 921 3662 te
933 3606 1038 3680 Cesar,
1050 3617 1080 3662 ut
1092 3609 1167 3666 red·

197 3687 296 3752 deres;
310 3681 378 3756 quid
392 3683 460 3738 setis
472 3695 566 3756 potest
578 3685 636 3741 dici
648 3686 686 3748 de
701 3685 782 3750 tante
792 3683 992 3756 impudentiil
1022 3685 1164 3756 Remove

141 3791 143 3795 ·
197 3761 474 3842 gladiosparumper
488 3759 560 3832 illos,
578 3779 651 3845 quos
663 3761 809 3829 videmus:
828 3759 887 3834 jain
901 3761 1051 3837 intelliges,
1070 3760 1163 3819 aliam
