<?xml version="1.0" encoding="UTF-8"?>
<!DOCTYPE html PUBLIC "-//W3C//DTD XHTML 1.0 Transitional//EN"
    "http://www.w3.org/TR/xhtml1/DTD/xhtml1-transitional.dtd">
<html xmlns="http://www.w3.org/1999/xhtml" xml:lang="en" lang="en">
 <head>
  <title>
</title>
<meta http-equiv="Content-Type" content="text/html;charset=utf-8" />
  <meta name='ocr-system' content='tesseract 3.04.00' />
  <meta name='ocr-capabilities' content='ocr_page ocr_carea ocr_par ocr_line ocrx_word'/>
</head>
<body>
  <div class='ocr_page' id='page_1' title='image "./orationesqudams00cicegoog_0012.png"; bbox 0 0 2542 4212; ppageno 0'>
   <div class='ocr_carea' id='block_1_1' title="bbox 100 333 834 410">
    <p class='ocr_par' dir='ltr' id='par_1_1' title="bbox 100 333 834 410">
     <span class='ocr_line' id='line_1_1' title="bbox 100 333 834 410; baseline -0.003 0"><span class='ocrx_word' id='word_1_1' title='bbox 100 352 121 410; x_wconf 81' lang='lat'>8</span> <span class='ocrx_word' id='word_1_2' title='bbox 335 333 470 408; x_wconf 73' lang='lat' dir='ltr'>enarro</span> <span class='ocrx_word' id='word_1_3' title='bbox 486 347 507 408; x_wconf 83' lang='lat' dir='ltr'>r.</span> <span class='ocrx_word' id='word_1_4' title='bbox 524 359 561 408; x_wconf 84' lang='lat' dir='ltr'>ru</span> <span class='ocrx_word' id='word_1_5' title='bbox 577 359 608 408; x_wconf 78' lang='lat' dir='ltr'>n.</span> <span class='ocrx_word' id='word_1_6' title='bbox 625 358 834 409; x_wconf 73' lang='lat' dir='ltr'>cammunti.</span> 
     </span>
    </p>
   </div>
   <div class='ocr_carea' id='block_1_2' title="bbox 31 497 1217 3854">
    <p class='ocr_par' dir='ltr' id='par_1_2' title="bbox 150 497 1217 726">
     <span class='ocr_line' id='line_1_2' title="bbox 150 497 1217 574; baseline 0.003 -20"><span class='ocrx_word' id='word_1_7' title='bbox 150 498 213 556; x_wconf 73' lang='lat' dir='ltr'>lice</span> <span class='ocrx_word' id='word_1_8' title='bbox 239 497 399 570; x_wconf 86' lang='lat' dir='ltr'>consilium,</span> <span class='ocrx_word' id='word_1_9' title='bbox 423 515 517 572; x_wconf 86' lang='lat' dir='ltr'>neque</span> <span class='ocrx_word' id='word_1_10' title='bbox 538 501 687 556; x_wconf 85' lang='lat' dir='ltr'>auctoritas</span> <span class='ocrx_word' id='word_1_11' title='bbox 711 499 794 574; x_wconf 87' lang='lat' dir='ltr'>hujus</span> <span class='ocrx_word' id='word_1_12' title='bbox 814 499 939 558; x_wconf 83' lang='lat' dir='ltr'>ordinis:</span> <span class='ocrx_word' id='word_1_13' title='bbox 966 516 1028 571; x_wconf 88' lang='lat' dir='ltr'>nos,</span> <span class='ocrx_word' id='word_1_14' title='bbox 1048 516 1110 571; x_wconf 85' lang='lat' dir='ltr'>nos,</span> <span class='ocrx_word' id='word_1_15' title='bbox 1162 547 1164 550; x_wconf 93' lang='lat'>.</span> <span class='ocrx_word' id='word_1_16' title='bbox 1216 504 1217 508; x_wconf 75' lang='grc'>’</span> 
     </span>
     <span class='ocr_line' id='line_1_3' title="bbox 150 571 634 648; baseline 0.002 -19"><span class='ocrx_word' id='word_1_17' title='bbox 150 575 216 630; x_wconf 93' lang='lat' dir='ltr'>dico</span> <span class='ocrx_word' id='word_1_18' title='bbox 228 571 334 648; x_wconf 70' lang='lat' dir='ltr'>aperte,</span> <span class='ocrx_word' id='word_1_19' title='bbox 348 577 478 632; x_wconf 89' lang='lat' dir='ltr'>consules</span> <span class='ocrx_word' id='word_1_20' title='bbox 492 577 634 632; x_wconf 84' lang='lat' dir='ltr'>desumus.</span> 
     </span>
     <span class='ocr_line' id='line_1_4' title="bbox 187 649 1111 726; baseline -0.003 -17"><span class='ocrx_word' id='word_1_21' title='bbox 187 649 228 710; x_wconf 88' lang='grc' dir='ltr'>ΙΙ,</span> <span class='ocrx_word' id='word_1_22' title='bbox 269 649 401 707; x_wconf 83' lang='lat' dir='ltr'>Decrevit</span> <span class='ocrx_word' id='word_1_23' title='bbox 413 653 555 724; x_wconf 89' lang='lat' dir='ltr'>quondam</span> <span class='ocrx_word' id='word_1_24' title='bbox 569 662 693 722; x_wconf 88' lang='lat' dir='ltr'>senatus,</span> <span class='ocrx_word' id='word_1_25' title='bbox 712 663 743 709; x_wconf 90' lang='lat' dir='ltr'>ut</span> <span class='ocrx_word' id='word_1_26' title='bbox 757 651 789 708; x_wconf 92' lang='lat' dir='ltr'>L.</span> <span class='ocrx_word' id='word_1_27' title='bbox 808 651 940 726; x_wconf 79' lang='lat' dir='ltr'>Opimius</span> <span class='ocrx_word' id='word_1_28' title='bbox 957 651 1055 708; x_wconf 88' lang='lat' dir='ltr'>consul</span> <span class='ocrx_word' id='word_1_29' title='bbox 1072 650 1111 706; x_wconf 84' lang='lat' dir='ltr'>vi·</span> 
     </span>
    </p>

    <p class='ocr_par' dir='ltr' id='par_1_3' title="bbox 122 727 1111 880">
     <span class='ocr_line' id='line_1_5' title="bbox 150 727 1111 802; baseline 0.001 -21"><span class='ocrx_word' id='word_1_30' title='bbox 150 727 283 796; x_wconf 68' lang='lat' dir='ltr'>daretne</span> <span class='ocrx_word' id='word_1_31' title='bbox 296 728 363 800; x_wconf 91' lang='lat' dir='ltr'>qnid</span> <span class='ocrx_word' id='word_1_32' title='bbox 378 729 535 802; x_wconf 77' lang='lat' dir='ltr'>respublica</span> <span class='ocrx_word' id='word_1_33' title='bbox 552 729 712 798; x_wconf 72' lang='lat' dir='ltr'>detrimenti</span> <span class='ocrx_word' id='word_1_34' title='bbox 731 738 851 802; x_wconf 85' lang='lat' dir='ltr'>caperet.</span> <span class='ocrx_word' id='word_1_35' title='bbox 892 727 958 784; x_wconf 86' lang='lat' dir='ltr'>Nox</span> <span class='ocrx_word' id='word_1_36' title='bbox 972 727 1050 783; x_wconf 87' lang='lat' dir='ltr'>nulla</span> <span class='ocrx_word' id='word_1_37' title='bbox 1067 727 1111 782; x_wconf 92' lang='lat' dir='ltr'>in·</span> 
     </span>
     <span class='ocr_line' id='line_1_6' title="bbox 122 801 1109 880; baseline 0.001 -22"><span class='ocrx_word' id='word_1_38' title='bbox 122 801 292 858; x_wconf 83' lang='lat' dir='ltr'>5tercessit:</span> <span class='ocrx_word' id='word_1_39' title='bbox 313 803 477 859; x_wconf 90' lang='lat' dir='ltr'>interfectus</span> <span class='ocrx_word' id='word_1_40' title='bbox 491 815 543 874; x_wconf 91' lang='lat' dir='ltr'>est,</span> <span class='ocrx_word' id='word_1_41' title='bbox 564 813 676 878; x_wconf 76' lang='lat' dir='ltr'>propter</span> <span class='ocrx_word' id='word_1_42' title='bbox 688 807 823 880; x_wconf 83' lang='lat' dir='ltr'>quasdam</span> <span class='ocrx_word' id='word_1_43' title='bbox 837 804 1005 860; x_wconf 79' lang='lat' dir='ltr'>seditionum</span> <span class='ocrx_word' id='word_1_44' title='bbox 1021 803 1109 877; x_wconf 85' lang='lat' dir='ltr'>auspi-</span> 
     </span>
    </p>

    <p class='ocr_par' dir='ltr' id='par_1_4' title="bbox 150 879 1108 954">
     <span class='ocr_line' id='line_1_7' title="bbox 150 879 1108 954; baseline 0 -20"><span class='ocrx_word' id='word_1_45' title='bbox 150 879 256 948; x_wconf 91' lang='lat' dir='ltr'>ciones,</span> <span class='ocrx_word' id='word_1_46' title='bbox 267 880 302 934; x_wconf 85' lang='lat' dir='ltr'>C.</span> <span class='ocrx_word' id='word_1_47' title='bbox 314 879 469 948; x_wconf 77' lang='lat' dir='ltr'>Gracchus,</span> <span class='ocrx_word' id='word_1_48' title='bbox 478 879 634 936; x_wconf 87' lang='lat' dir='ltr'>clarissimo</span> <span class='ocrx_word' id='word_1_49' title='bbox 644 891 732 953; x_wconf 91' lang='lat' dir='ltr'>patre,</span> <span class='ocrx_word' id='word_1_50' title='bbox 741 900 801 952; x_wconf 81' lang='lat' dir='ltr'>avo,</span> <span class='ocrx_word' id='word_1_51' title='bbox 810 880 977 954; x_wconf 88' lang='lat' dir='ltr'>majoribus:</span> <span class='ocrx_word' id='word_1_52' title='bbox 996 879 1108 936; x_wconf 85' lang='lat' dir='ltr'>occisus</span> 
     </span>
    </p>

    <p class='ocr_par' dir='ltr' id='par_1_5' title="bbox 149 953 1154 1025">
     <span class='ocr_line' id='line_1_8' title="bbox 149 953 1154 1025; baseline 0.004 -15"><span class='ocrx_word' id='word_1_53' title='bbox 149 965 192 1010; x_wconf 90' lang='lat' dir='ltr'>est</span> <span class='ocrx_word' id='word_1_54' title='bbox 209 973 274 1010; x_wconf 90' lang='lat' dir='ltr'>curn</span> <span class='ocrx_word' id='word_1_55' title='bbox 287 955 390 1011; x_wconf 91' lang='lat' dir='ltr'>liberis</span> <span class='ocrx_word' id='word_1_56' title='bbox 404 953 444 1009; x_wconf 91' lang='lat' dir='ltr'>M.</span> <span class='ocrx_word' id='word_1_57' title='bbox 459 953 585 1025; x_wconf 87' lang='lat' dir='ltr'>Fulvius,</span> <span class='ocrx_word' id='word_1_58' title='bbox 600 955 762 1010; x_wconf 87' lang='lat' dir='ltr'>consularis.</span> <span class='ocrx_word' id='word_1_59' title='bbox 804 957 896 1012; x_wconf 84' lang='lat' dir='ltr'>Simili</span> <span class='ocrx_word' id='word_1_60' title='bbox 917 955 1110 1014; x_wconf 71' lang='lat' dir='ltr'>senatis-con·</span> <span class='ocrx_word' id='word_1_61' title='bbox 1150 967 1154 976; x_wconf 94' lang='lat'>&#39;</span> 
     </span>
    </p>

    <p class='ocr_par' dir='ltr' id='par_1_6' title="bbox 149 1027 1125 1106">
     <span class='ocr_line' id='line_1_9' title="bbox 149 1027 1125 1106; baseline 0.002 -20"><span class='ocrx_word' id='word_1_62' title='bbox 149 1031 230 1101; x_wconf 84' lang='lat' dir='ltr'>sulto,</span> <span class='ocrx_word' id='word_1_63' title='bbox 239 1032 273 1087; x_wconf 87' lang='lat' dir='ltr'>C.</span> <span class='ocrx_word' id='word_1_64' title='bbox 283 1029 377 1086; x_wconf 90' lang='lat' dir='ltr'>Mario</span> <span class='ocrx_word' id='word_1_65' title='bbox 390 1041 419 1086; x_wconf 90' lang='lat' dir='ltr'>et</span> <span class='ocrx_word' id='word_1_66' title='bbox 432 1030 464 1086; x_wconf 91' lang='lat' dir='ltr'>L.</span> <span class='ocrx_word' id='word_1_67' title='bbox 473 1030 596 1102; x_wconf 84' lang='lat' dir='ltr'>Valerio,</span> <span class='ocrx_word' id='word_1_68' title='bbox 607 1027 778 1102; x_wconf 75' lang='lat' dir='ltr'>consilibus,</span> <span class='ocrx_word' id='word_1_69' title='bbox 790 1031 927 1105; x_wconf 88' lang='lat' dir='ltr'>permissa</span> <span class='ocrx_word' id='word_1_70' title='bbox 939 1041 983 1087; x_wconf 87' lang='lat' dir='ltr'>est</span> <span class='ocrx_word' id='word_1_71' title='bbox 995 1033 1110 1106; x_wconf 91' lang='lat' dir='ltr'>respub·</span> <span class='ocrx_word' id='word_1_72' title='bbox 1122 1089 1125 1105; x_wconf 71' lang='grc'>,</span> 
     </span>
    </p>

    <p class='ocr_par' dir='ltr' id='par_1_7' title="bbox 149 1105 1108 1182">
     <span class='ocr_line' id='line_1_10' title="bbox 149 1105 1108 1182; baseline 0.002 -20"><span class='ocrx_word' id='word_1_73' title='bbox 149 1105 220 1162; x_wconf 88' lang='lat' dir='ltr'>lica:</span> <span class='ocrx_word' id='word_1_74' title='bbox 241 1126 309 1162; x_wconf 89' lang='lat' dir='ltr'>num</span> <span class='ocrx_word' id='word_1_75' title='bbox 321 1125 409 1162; x_wconf 90' lang='lat' dir='ltr'>unum</span> <span class='ocrx_word' id='word_1_76' title='bbox 419 1107 494 1162; x_wconf 89' lang='lat' dir='ltr'>diem</span> <span class='ocrx_word' id='word_1_77' title='bbox 507 1107 647 1180; x_wconf 78' lang='lat' dir='ltr'>postea‘L.</span> <span class='ocrx_word' id='word_1_78' title='bbox 657 1107 841 1164; x_wconf 85' lang='lat' dir='ltr'>Saturninum</span> <span class='ocrx_word' id='word_1_79' title='bbox 851 1107 996 1163; x_wconf 89' lang='lat' dir='ltr'>tribunum</span> <span class='ocrx_word' id='word_1_80' title='bbox 1008 1107 1108 1182; x_wconf 86' lang='lat' dir='ltr'>plebis,</span> 
     </span>
    </p>

    <p class='ocr_par' dir='ltr' id='par_1_8' title="bbox 31 1177 1109 1562">
     <span class='ocr_line' id='line_1_11' title="bbox 31 1177 1109 1315; baseline 0.007 -82"><span class='ocrx_word' id='word_1_81' title='bbox 31 1205 36 1218; x_wconf 90' lang='lat'><strong>·</strong></span> <span class='ocrx_word' id='word_1_82' title='bbox 101 1181 135 1233; x_wconf 88' lang='lat'>10</span> <span class='ocrx_word' id='word_1_83' title='bbox 149 1193 178 1239; x_wconf 89' lang='lat' dir='ltr'>ct</span> <span class='ocrx_word' id='word_1_84' title='bbox 188 1183 221 1239; x_wconf 86' lang='lat' dir='ltr'>C.</span> <span class='ocrx_word' id='word_1_85' title='bbox 234 1184 383 1239; x_wconf 85' lang='lat' dir='ltr'>Servilium</span> <span class='ocrx_word' id='word_1_86' title='bbox 396 1177 640 1315; x_wconf 52' lang='lat' dir='ltr'>praetorempnors</span> <span class='ocrx_word' id='word_1_87' title='bbox 652 1195 687 1240; x_wconf 87' lang='lat' dir='ltr'>s&#39;c</span> <span class='ocrx_word' id='word_1_88' title='bbox 702 1184 862 1257; x_wconf 81' lang='lat' dir='ltr'>reipublicae</span> <span class='ocrx_word' id='word_1_89' title='bbox 874 1203 958 1258; x_wconf 69' lang='lat' dir='ltr'>prena</span> <span class='ocrx_word' id='word_1_90' title='bbox 971 1189 1109 1241; x_wconf 83' lang='lat' dir='ltr'>remorata</span> 
     </span>
     <span class='ocr_line' id='line_1_12' title="bbox 148 1257 1107 1334; baseline 0.004 -20"><span class='ocrx_word' id='word_1_91' title='bbox 148 1261 225 1314; x_wconf 69' lang='lat' dir='ltr'>esti&gt;</span> <span class='ocrx_word' id='word_1_92' title='bbox 251 1261 290 1315; x_wconf 87' lang='lat' dir='ltr'>At</span> <span class='ocrx_word' id='word_1_93' title='bbox 304 1278 355 1315; x_wconf 88' lang='lat' dir='ltr'>nos</span> <span class='ocrx_word' id='word_1_94' title='bbox 368 1257 534 1315; x_wconf 89' lang='lat' dir='ltr'>vicesimum</span> <span class='ocrx_word' id='word_1_95' title='bbox 549 1261 560 1334; x_wconf 91' lang='lat' dir='ltr'>j</span> <span class='ocrx_word' id='word_1_96' title='bbox 579 1279 608 1316; x_wconf 91' lang='lat' dir='ltr'>rn</span> <span class='ocrx_word' id='word_1_97' title='bbox 626 1261 702 1316; x_wconf 93' lang='lat' dir='ltr'>diem</span> <span class='ocrx_word' id='word_1_98' title='bbox 715 1261 836 1334; x_wconf 91' lang='lat' dir='ltr'>patimur</span> <span class='ocrx_word' id='word_1_99' title='bbox 851 1261 1003 1317; x_wconf 80' lang='lat' dir='ltr'>hebescere</span> <span class='ocrx_word' id='word_1_100' title='bbox 1017 1262 1107 1318; x_wconf 88' lang='lat' dir='ltr'>aciem</span> 
     </span>
     <span class='ocr_line' id='line_1_13' title="bbox 149 1336 1109 1410; baseline 0.004 -20"><span class='ocrx_word' id='word_1_101' title='bbox 149 1336 247 1392; x_wconf 91' lang='lat' dir='ltr'>horum</span> <span class='ocrx_word' id='word_1_102' title='bbox 261 1336 441 1392; x_wconf 86' lang='lat' dir='ltr'>auctoritatis.</span> <span class='ocrx_word' id='word_1_103' title='bbox 482 1336 629 1392; x_wconf 85' lang='lat' dir='ltr'>Habemus</span> <span class='ocrx_word' id='word_1_104' title='bbox 649 1337 725 1393; x_wconf 90' lang='lat' dir='ltr'>enirn</span> <span class='ocrx_word' id='word_1_105' title='bbox 744 1337 902 1410; x_wconf 87' lang='lat' dir='ltr'>hujusmodi</span> <span class='ocrx_word' id='word_1_106' title='bbox 917 1337 1109 1394; x_wconf 74' lang='lat' dir='ltr'>senatis-con·</span> 
     </span>
     <span class='ocr_line' id='line_1_14' title="bbox 149 1411 1108 1492; baseline 0.004 -26"><span class='ocrx_word' id='word_1_107' title='bbox 149 1411 263 1482; x_wconf 82' lang='lat' dir='ltr'>cultum,</span> <span class='ocrx_word' id='word_1_108' title='bbox 288 1423 469 1492; x_wconf 75' lang='lat' dir='ltr'>veruntamen</span> <span class='ocrx_word' id='word_1_109' title='bbox 493 1413 633 1469; x_wconf 88' lang='lat' dir='ltr'>inclusum</span> <span class='ocrx_word' id='word_1_110' title='bbox 655 1413 686 1469; x_wconf 89' lang='lat' dir='ltr'>iu</span> <span class='ocrx_word' id='word_1_111' title='bbox 707 1413 819 1484; x_wconf 86' lang='lat' dir='ltr'>tabulis,</span> <span class='ocrx_word' id='word_1_112' title='bbox 837 1423 968 1487; x_wconf 86' lang='lat' dir='ltr'>tanquam</span> <span class='ocrx_word' id='word_1_113' title='bbox 982 1415 1108 1488; x_wconf 84' lang='lat' dir='ltr'>gladium</span> 
     </span>
     <span class='ocr_line' id='line_1_15' title="bbox 149 1481 1108 1562; baseline 0.004 -20"><span class='ocrx_word' id='word_1_114' title='bbox 149 1489 179 1544; x_wconf 89' lang='lat' dir='ltr'>in</span> <span class='ocrx_word' id='word_1_115' title='bbox 203 1489 304 1562; x_wconf 71' lang='lat' dir='ltr'>vagina</span> <span class='ocrx_word' id='word_1_116' title='bbox 324 1486 516 1557; x_wconf 64' lang='lat' dir='ltr'>reconditum</span> <span class='ocrx_word' id='word_1_117' title='bbox 540 1481 595 1562; x_wconf 64' lang='lat' dir='ltr'>(ruo</span> <span class='ocrx_word' id='word_1_118' title='bbox 617 1509 653 1546; x_wconf 88' lang='lat' dir='ltr'>ex</span> <span class='ocrx_word' id='word_1_119' title='bbox 676 1489 937 1560; x_wconf 79' lang='lat' dir='ltr'>senatis-consulto,</span> <span class='ocrx_word' id='word_1_120' title='bbox 960 1491 1108 1546; x_wconf 80' lang='lat' dir='ltr'>confestim</span> 
     </span>
    </p>

    <p class='ocr_par' dir='ltr' id='par_1_9' title="bbox 101 1564 1133 1944">
     <span class='ocr_line' id='line_1_16' title="bbox 101 1564 1108 1636; baseline 0.004 -17"><span class='ocrx_word' id='word_1_121' title='bbox 101 1564 135 1616; x_wconf 88' lang='lat'>15</span> <span class='ocrx_word' id='word_1_122' title='bbox 149 1564 327 1620; x_wconf 89' lang='lat' dir='ltr'>interfectum</span> <span class='ocrx_word' id='word_1_123' title='bbox 336 1576 367 1622; x_wconf 83' lang='lat' dir='ltr'>te</span> <span class='ocrx_word' id='word_1_124' title='bbox 378 1585 449 1636; x_wconf 80' lang='lat' dir='ltr'>esse,</span> <span class='ocrx_word' id='word_1_125' title='bbox 464 1566 598 1636; x_wconf 88' lang='lat' dir='ltr'>Catilina,</span> <span class='ocrx_word' id='word_1_126' title='bbox 613 1568 751 1623; x_wconf 84' lang='lat' dir='ltr'>convenit.</span> <span class='ocrx_word' id='word_1_127' title='bbox 792 1566 888 1634; x_wconf 87' lang='lat' dir='ltr'>Vivis;</span> <span class='ocrx_word' id='word_1_128' title='bbox 910 1577 938 1623; x_wconf 92' lang='lat' dir='ltr'>et</span> <span class='ocrx_word' id='word_1_129' title='bbox 958 1567 1037 1636; x_wconf 84' lang='lat' dir='ltr'>vivis,</span> <span class='ocrx_word' id='word_1_130' title='bbox 1051 1586 1108 1623; x_wconf 88' lang='lat' dir='ltr'>non</span> 
     </span>
     <span class='ocr_line' id='line_1_17' title="bbox 148 1641 1108 1716; baseline 0.003 -20"><span class='ocrx_word' id='word_1_131' title='bbox 148 1641 184 1696; x_wconf 88' lang='lat' dir='ltr'>ad</span> <span class='ocrx_word' id='word_1_132' title='bbox 203 1641 408 1715; x_wconf 89' lang='lat' dir='ltr'>deponendam,</span> <span class='ocrx_word' id='word_1_133' title='bbox 430 1643 479 1696; x_wconf 88' lang='lat' dir='ltr'>scd</span> <span class='ocrx_word' id='word_1_134' title='bbox 502 1643 536 1696; x_wconf 90' lang='lat' dir='ltr'>ad</span> <span class='ocrx_word' id='word_1_135' title='bbox 558 1643 788 1712; x_wconf 83' lang='lat' dir='ltr'>confirmandam,</span> <span class='ocrx_word' id='word_1_136' title='bbox 807 1643 964 1698; x_wconf 75' lang='lat' dir='ltr'>audaciam.</span> <span class='ocrx_word' id='word_1_137' title='bbox 1006 1645 1108 1716; x_wconf 90' lang='lat' dir='ltr'>Cupio,</span> 
     </span>
     <span class='ocr_line' id='line_1_18' title="bbox 147 1715 1109 1790; baseline 0.005 -19"><span class='ocrx_word' id='word_1_138' title='bbox 147 1715 246 1772; x_wconf 87' lang='lat' dir='ltr'>Patras</span> <span class='ocrx_word' id='word_1_139' title='bbox 265 1717 434 1790; x_wconf 88' lang='lat' dir='ltr'>Conscripti,</span> <span class='ocrx_word' id='word_1_140' title='bbox 449 1733 574 1773; x_wconf 74' lang='lat' dir='ltr'>maesse</span> <span class='ocrx_word' id='word_1_141' title='bbox 592 1718 779 1774; x_wconf 90' lang='lat' dir='ltr'>clementem:</span> <span class='ocrx_word' id='word_1_142' title='bbox 800 1719 894 1790; x_wconf 87' lang='lat' dir='ltr'>cupio,</span> <span class='ocrx_word' id='word_1_143' title='bbox 910 1719 1040 1776; x_wconf 76' lang='lat' dir='ltr'>intactis</span> <span class='ocrx_word' id='word_1_144' title='bbox 1056 1721 1109 1776; x_wconf 92' lang='lat' dir='ltr'>rei·</span> 
     </span>
     <span class='ocr_line' id='line_1_19' title="bbox 147 1792 1133 1869; baseline 0.004 -21"><span class='ocrx_word' id='word_1_145' title='bbox 147 1792 268 1867; x_wconf 83' lang='lat' dir='ltr'>publicae</span> <span class='ocrx_word' id='word_1_146' title='bbox 288 1794 431 1868; x_wconf 88' lang='lat' dir='ltr'>periculis,</span> <span class='ocrx_word' id='word_1_147' title='bbox 452 1804 572 1850; x_wconf 82' lang='lat' dir='ltr'>menon</span> <span class='ocrx_word' id='word_1_148' title='bbox 597 1794 763 1850; x_wconf 86' lang='lat' dir='ltr'>dissolutum</span> <span class='ocrx_word' id='word_1_149' title='bbox 786 1793 891 1851; x_wconf 84' lang='lat' dir='ltr'>rideri:</span> <span class='ocrx_word' id='word_1_150' title='bbox 903 1794 964 1851; x_wconf 84' lang='lat' dir='ltr'>&#39;sed</span> <span class='ocrx_word' id='word_1_151' title='bbox 983 1795 1041 1869; x_wconf 85' lang='lat' dir='ltr'>jam</span> <span class='ocrx_word' id='word_1_152' title='bbox 1063 1813 1108 1852; x_wconf 89' lang='lat' dir='ltr'>me</span> <span class='ocrx_word' id='word_1_153' title='bbox 1129 1811 1133 1818; x_wconf 91' lang='grc'><strong>“</strong></span> 
     </span>
     <span class='ocr_line' id='line_1_20' title="bbox 148 1870 781 1944; baseline 0.003 -18"><span class='ocrx_word' id='word_1_154' title='bbox 148 1870 212 1944; x_wconf 88' lang='lat' dir='ltr'>ipse.</span> <span class='ocrx_word' id='word_1_155' title='bbox 222 1871 330 1928; x_wconf 76' lang='lat' dir='ltr'>inertie</span> <span class='ocrx_word' id='word_1_156' title='bbox 344 1871 529 1944; x_wconf 80' lang='lat' dir='ltr'>nequitiaeque</span> <span class='ocrx_word' id='word_1_157' title='bbox 543 1872 708 1928; x_wconf 85' lang='lat' dir='ltr'>condemno.</span> <span class='ocrx_word' id='word_1_158' title='bbox 777 1891 781 1897; x_wconf 79' lang='grc'><strong>’</strong></span> 
     </span>
    </p>

    <p class='ocr_par' dir='ltr' id='par_1_10' title="bbox 98 1946 1110 2328">
     <span class='ocr_line' id='line_1_21' title="bbox 98 1946 1110 2020; baseline 0.002 -18"><span class='ocrx_word' id='word_1_159' title='bbox 98 1949 134 2002; x_wconf 78' lang='lat'>20</span> <span class='ocrx_word' id='word_1_160' title='bbox 154 1983 156 1988; x_wconf 68' lang='lat'>,</span> <span class='ocrx_word' id='word_1_161' title='bbox 188 1947 289 2002; x_wconf 82' lang='lat' dir='ltr'>Castra</span> <span class='ocrx_word' id='word_1_162' title='bbox 306 1958 372 2002; x_wconf 91' lang='lat' dir='ltr'>sunt</span> <span class='ocrx_word' id='word_1_163' title='bbox 386 1949 415 2002; x_wconf 92' lang='lat' dir='ltr'>in</span> <span class='ocrx_word' id='word_1_164' title='bbox 429 1947 528 2016; x_wconf 70' lang='lat' dir='ltr'>Italia,</span> <span class='ocrx_word' id='word_1_165' title='bbox 538 1959 635 2004; x_wconf 88' lang='lat' dir='ltr'>contra</span> <span class='ocrx_word' id='word_1_166' title='bbox 648 1949 859 2020; x_wconf 81' lang='lat' dir='ltr'>rempublicam,</span> <span class='ocrx_word' id='word_1_167' title='bbox 873 1947 903 2001; x_wconf 92' lang='lat' dir='ltr'>in</span> <span class='ocrx_word' id='word_1_168' title='bbox 918 1946 1037 2004; x_wconf 84' lang='lat' dir='ltr'>Etruriae</span> <span class='ocrx_word' id='word_1_169' title='bbox 1048 1949 1110 2004; x_wconf 83' lang='lat' dir='ltr'>fau-</span> 
     </span>
     <span class='ocr_line' id='line_1_22' title="bbox 148 2021 1108 2096; baseline 0.003 -18"><span class='ocrx_word' id='word_1_170' title='bbox 148 2023 230 2078; x_wconf 90' lang='lat' dir='ltr'>cibus</span> <span class='ocrx_word' id='word_1_171' title='bbox 250 2024 404 2078; x_wconf 86' lang='lat' dir='ltr'>collocata:</span> <span class='ocrx_word' id='word_1_172' title='bbox 425 2023 527 2078; x_wconf 88' lang='lat' dir='ltr'>crescit</span> <span class='ocrx_word' id='word_1_173' title='bbox 546 2023 576 2076; x_wconf 92' lang='lat' dir='ltr'>in</span> <span class='ocrx_word' id='word_1_174' title='bbox 594 2023 655 2077; x_wconf 90' lang='lat' dir='ltr'>dies</span> <span class='ocrx_word' id='word_1_175' title='bbox 670 2022 798 2096; x_wconf 71' lang='lat' dir='ltr'>§singulos</span> <span class='ocrx_word' id='word_1_176' title='bbox 816 2021 939 2078; x_wconf 90' lang='lat' dir='ltr'>hostiurn</span> <span class='ocrx_word' id='word_1_177' title='bbox 957 2041 1108 2082; x_wconf 87' lang='lat' dir='ltr'>numerus:</span> 
     </span>
     <span class='ocr_line' id='line_1_23' title="bbox 148 2099 1110 2172; baseline 0.003 -18"><span class='ocrx_word' id='word_1_178' title='bbox 148 2117 244 2155; x_wconf 89' lang='lat' dir='ltr'>eorum</span> <span class='ocrx_word' id='word_1_179' title='bbox 258 2109 352 2155; x_wconf 85' lang='lat' dir='ltr'>autem</span> <span class='ocrx_word' id='word_1_180' title='bbox 366 2099 561 2172; x_wconf 79' lang='lat' dir='ltr'>imperatorem</span> <span class='ocrx_word' id='word_1_181' title='bbox 575 2108 739 2168; x_wconf 86' lang='lat' dir='ltr'>castrorum,</span> <span class='ocrx_word' id='word_1_182' title='bbox 753 2099 908 2171; x_wconf 86' lang='lat' dir='ltr'>ducemque</span> <span class='ocrx_word' id='word_1_183' title='bbox 923 2099 1053 2171; x_wconf 88' lang='lat' dir='ltr'>hostium,</span> <span class='ocrx_word' id='word_1_184' title='bbox 1068 2101 1110 2157; x_wconf 92' lang='lat' dir='ltr'>in·</span> 
     </span>
     <span class='ocr_line' id='line_1_24' title="bbox 148 2172 1110 2248; baseline 0.002 -17"><span class='ocrx_word' id='word_1_185' title='bbox 148 2187 192 2231; x_wconf 90' lang='lat' dir='ltr'>tra</span> <span class='ocrx_word' id='word_1_186' title='bbox 206 2176 329 2246; x_wconf 71' lang='lat' dir='ltr'>moenia,</span> <span class='ocrx_word' id='word_1_187' title='bbox 353 2186 436 2248; x_wconf 89' lang='lat' dir='ltr'>atque</span> <span class='ocrx_word' id='word_1_188' title='bbox 457 2172 527 2230; x_wconf 82' lang='lat' dir='ltr'>adeb</span> <span class='ocrx_word' id='word_1_189' title='bbox 550 2175 587 2232; x_wconf 92' lang='lat' dir='ltr'>in·</span> <span class='ocrx_word' id='word_1_190' title='bbox 601 2185 710 2245; x_wconf 87' lang='lat' dir='ltr'>senatu,</span> <span class='ocrx_word' id='word_1_191' title='bbox 729 2175 866 2244; x_wconf 83' lang='lat' dir='ltr'>videmus,</span> <span class='ocrx_word' id='word_1_192' title='bbox 884 2175 1046 2232; x_wconf 87' lang='lat' dir='ltr'>intestinam</span> <span class='ocrx_word' id='word_1_193' title='bbox 1062 2177 1110 2234; x_wconf 89' lang='lat' dir='ltr'>ali·</span> 
     </span>
     <span class='ocr_line' id='line_1_25' title="bbox 149 2251 1109 2328; baseline 0.001 -19"><span class='ocrx_word' id='word_1_194' title='bbox 149 2272 232 2326; x_wconf 86' lang='lat' dir='ltr'>quarn</span> <span class='ocrx_word' id='word_1_195' title='bbox 245 2253 369 2327; x_wconf 85' lang='lat' dir='ltr'>quotidie</span> <span class='ocrx_word' id='word_1_196' title='bbox 383 2251 537 2326; x_wconf 87' lang='lat' dir='ltr'>perniciem</span> <span class='ocrx_word' id='word_1_197' title='bbox 555 2252 719 2326; x_wconf 73' lang='lat' dir='ltr'>reipublice</span> <span class='ocrx_word' id='word_1_198' title='bbox 739 2251 908 2308; x_wconf 86' lang='lat' dir='ltr'>molientem.</span> <span class='ocrx_word' id='word_1_199' title='bbox 950 2253 1023 2309; x_wconf 80' lang='lat' dir='ltr'>Sile</span> <span class='ocrx_word' id='word_1_200' title='bbox 1041 2253 1109 2328; x_wconf 89' lang='lat' dir='ltr'>jam,</span> 
     </span>
    </p>

    <p class='ocr_par' dir='ltr' id='par_1_11' title="bbox 100 2327 1158 2403">
     <span class='ocr_line' id='line_1_26' title="bbox 100 2327 1158 2403; baseline 0.002 -17"><span class='ocrx_word' id='word_1_201' title='bbox 100 2333 136 2387; x_wconf 72' lang='lat'>25</span> <span class='ocrx_word' id='word_1_202' title='bbox 150 2330 283 2400; x_wconf 85' lang='lat' dir='ltr'>Catilina,</span> <span class='ocrx_word' id='word_1_203' title='bbox 303 2327 513 2403; x_wconf 87' lang='lat' dir='ltr'>comprehendi,</span> <span class='ocrx_word' id='word_1_204' title='bbox 531 2330 554 2385; x_wconf 88' lang='lat' dir='ltr'>si</span> <span class='ocrx_word' id='word_1_205' title='bbox 567 2329 707 2400; x_wconf 85' lang='lat' dir='ltr'>interfici,</span> <span class='ocrx_word' id='word_1_206' title='bbox 726 2329 849 2403; x_wconf 82' lang='lat' dir='ltr'>jussero;</span> <span class='ocrx_word' id='word_1_207' title='bbox 875 2329 969 2400; x_wconf 90' lang='lat' dir='ltr'>credo,</span> <span class='ocrx_word' id='word_1_208' title='bbox 991 2331 1045 2388; x_wconf 89' lang='lat' dir='ltr'>erit</span> <span class='ocrx_word' id='word_1_209' title='bbox 1065 2350 1110 2388; x_wconf 90' lang='lat' dir='ltr'>ve·</span> <span class='ocrx_word' id='word_1_210' title='bbox 1155 2361 1158 2366; x_wconf 95' lang='lat'>·</span> 
     </span>
    </p>

    <p class='ocr_par' dir='ltr' id='par_1_12' title="bbox 122 2402 1111 2710">
     <span class='ocr_line' id='line_1_27' title="bbox 122 2402 1109 2480; baseline 0.002 -18"><span class='ocrx_word' id='word_1_211' title='bbox 122 2423 124 2426; x_wconf 84' lang='lat'>·</span> <span class='ocrx_word' id='word_1_212' title='bbox 150 2408 268 2462; x_wconf 89' lang='lat' dir='ltr'>rendum</span> <span class='ocrx_word' id='word_1_213' title='bbox 280 2407 359 2474; x_wconf 88' lang='lat' dir='ltr'>mihi,</span> <span class='ocrx_word' id='word_1_214' title='bbox 378 2423 415 2460; x_wconf 89' lang='lat' dir='ltr'>ne</span> <span class='ocrx_word' id='word_1_215' title='bbox 434 2424 490 2460; x_wconf 91' lang='lat' dir='ltr'>non</span> <span class='ocrx_word' id='word_1_216' title='bbox 513 2406 566 2461; x_wconf 92' lang='lat' dir='ltr'>hoc</span> <span class='ocrx_word' id='word_1_217' title='bbox 584 2402 677 2480; x_wconf 74' lang='lat' dir='ltr'>potiris</span> <span class='ocrx_word' id='word_1_218' title='bbox 696 2424 794 2462; x_wconf 90' lang='lat' dir='ltr'>omnes</span> <span class='ocrx_word' id='word_1_219' title='bbox 810 2406 878 2478; x_wconf 84' lang='lat' dir='ltr'>boni</span> <span class='ocrx_word' id='word_1_220' title='bbox 899 2403 991 2461; x_wconf 78' lang='lat' dir='ltr'>seritis</span> <span class='ocrx_word' id='word_1_221' title='bbox 1015 2427 1032 2462; x_wconf 86' lang='lat' dir='ltr'>a</span> <span class='ocrx_word' id='word_1_222' title='bbox 1046 2427 1109 2480; x_wconf 84' lang='lat' dir='ltr'>me,</span> 
     </span>
     <span class='ocr_line' id='line_1_28' title="bbox 150 2478 1111 2558; baseline 0.005 -21"><span class='ocrx_word' id='word_1_223' title='bbox 150 2481 234 2555; x_wconf 83' lang='lat' dir='ltr'>qudrn</span> <span class='ocrx_word' id='word_1_224' title='bbox 253 2482 399 2554; x_wconf 86' lang='lat' dir='ltr'>quisquam</span> <span class='ocrx_word' id='word_1_225' title='bbox 421 2479 572 2552; x_wconf 75' lang='lat' dir='ltr'>crudelius,</span> <span class='ocrx_word' id='word_1_226' title='bbox 595 2482 700 2538; x_wconf 87' lang='lat' dir='ltr'>fectum</span> <span class='ocrx_word' id='word_1_227' title='bbox 721 2499 784 2538; x_wconf 88' lang='lat' dir='ltr'>esse</span> <span class='ocrx_word' id='word_1_228' title='bbox 805 2479 907 2550; x_wconf 58' lang='lat' dir='ltr'>dicat„</span> <span class='ocrx_word' id='word_1_229' title='bbox 930 2478 1044 2539; x_wconf 74' lang='lat' dir='ltr'>verum</span> <span class='ocrx_word' id='word_1_230' title='bbox 1057 2502 1111 2558; x_wconf 86' lang='lat' dir='ltr'>ego</span> 
     </span>
     <span class='ocr_line' id='line_1_29' title="bbox 151 2557 1110 2633; baseline 0.002 -18"><span class='ocrx_word' id='word_1_231' title='bbox 151 2559 214 2627; x_wconf 93' lang='lat' dir='ltr'>hoc,</span> <span class='ocrx_word' id='word_1_232' title='bbox 228 2559 301 2631; x_wconf 91' lang='lat' dir='ltr'>quod</span> <span class='ocrx_word' id='word_1_233' title='bbox 322 2557 489 2631; x_wconf 85' lang='lat' dir='ltr'>jampridem</span> <span class='ocrx_word' id='word_1_234' title='bbox 512 2559 616 2633; x_wconf 86' lang='lat' dir='ltr'>facturn</span> <span class='ocrx_word' id='word_1_235' title='bbox 637 2567 699 2615; x_wconf 87' lang='lat' dir='ltr'>esse</span> <span class='ocrx_word' id='word_1_236' title='bbox 720 2559 850 2633; x_wconf 91' lang='lat' dir='ltr'>oportuit,</span> <span class='ocrx_word' id='word_1_237' title='bbox 872 2558 949 2615; x_wconf 70' lang='lat' dir='ltr'>certb</span> <span class='ocrx_word' id='word_1_238' title='bbox 964 2559 999 2616; x_wconf 89' lang='lat' dir='ltr'>de</span> <span class='ocrx_word' id='word_1_239' title='bbox 1013 2562 1110 2633; x_wconf 70' lang='lat' dir='ltr'>causi,</span> 
     </span>
     <span class='ocr_line' id='line_1_30' title="bbox 150 2634 1110 2710; baseline 0.003 -20"><span class='ocrx_word' id='word_1_240' title='bbox 150 2635 276 2690; x_wconf 79' lang='lat' dir='ltr'>nondum</span> <span class='ocrx_word' id='word_1_241' title='bbox 295 2634 428 2705; x_wconf 86' lang='lat' dir='ltr'>adducor,</span> <span class='ocrx_word' id='word_1_242' title='bbox 446 2645 478 2691; x_wconf 91' lang='lat' dir='ltr'>ut</span> <span class='ocrx_word' id='word_1_243' title='bbox 504 2636 614 2692; x_wconf 84' lang='lat' dir='ltr'>faciam.</span> <span class='ocrx_word' id='word_1_244' title='bbox 655 2635 732 2692; x_wconf 92' lang='lat' dir='ltr'>Turn</span> <span class='ocrx_word' id='word_1_245' title='bbox 748 2637 869 2710; x_wconf 89' lang='lat' dir='ltr'>denique</span> <span class='ocrx_word' id='word_1_246' title='bbox 889 2636 1054 2700; x_wconf 88' lang='lat' dir='ltr'>interficiam</span> <span class='ocrx_word' id='word_1_247' title='bbox 1071 2648 1110 2708; x_wconf 86' lang='lat' dir='ltr'>to,</span> 
     </span>
    </p>

    <p class='ocr_par' dir='ltr' id='par_1_13' title="bbox 98 2707 1112 3088">
     <span class='ocr_line' id='line_1_31' title="bbox 98 2707 1110 2789; baseline -0.003 -18"><span class='ocrx_word' id='word_1_248' title='bbox 98 2719 136 2784; x_wconf 39' lang='lat'>,30</span> <span class='ocrx_word' id='word_1_249' title='bbox 151 2707 217 2767; x_wconf 74' lang='lat' dir='ltr'>ciam</span> <span class='ocrx_word' id='word_1_250' title='bbox 229 2710 287 2784; x_wconf 87' lang='lat' dir='ltr'>jam</span> <span class='ocrx_word' id='word_1_251' title='bbox 300 2729 384 2768; x_wconf 86' lang='lat' dir='ltr'>nemo</span> <span class='ocrx_word' id='word_1_252' title='bbox 397 2722 454 2767; x_wconf 84' lang='lat' dir='ltr'>tam</span> <span class='ocrx_word' id='word_1_253' title='bbox 468 2711 621 2786; x_wconf 88' lang='lat' dir='ltr'>improbus,</span> <span class='ocrx_word' id='word_1_254' title='bbox 635 2724 693 2769; x_wconf 87' lang='lat' dir='ltr'>tam</span> <span class='ocrx_word' id='word_1_255' title='bbox 706 2714 842 2789; x_wconf 84' lang='lat' dir='ltr'>perditus,</span> <span class='ocrx_word' id='word_1_256' title='bbox 862 2723 920 2784; x_wconf 73' lang='lat' dir='ltr'>tarn</span> <span class='ocrx_word' id='word_1_257' title='bbox 938 2714 979 2770; x_wconf 93' lang='lat' dir='ltr'>tui</span> <span class='ocrx_word' id='word_1_258' title='bbox 1000 2712 1110 2785; x_wconf 87' lang='lat' dir='ltr'>similis,</span> 
     </span>
     <span class='ocr_line' id='line_1_32' title="bbox 151 2787 1112 2861; baseline 0.002 -17"><span class='ocrx_word' id='word_1_259' title='bbox 151 2787 449 2861; x_wconf 83' lang='lat' dir='ltr'>inveniri-poterit,qui</span> <span class='ocrx_word' id='word_1_260' title='bbox 461 2789 489 2843; x_wconf 97' lang='lat' dir='ltr'>id</span> <span class='ocrx_word' id='word_1_261' title='bbox 504 2806 561 2844; x_wconf 88' lang='lat' dir='ltr'>non</span> <span class='ocrx_word' id='word_1_262' title='bbox 572 2789 635 2860; x_wconf 88' lang='lat' dir='ltr'>jure</span> <span class='ocrx_word' id='word_1_263' title='bbox 647 2789 752 2843; x_wconf 90' lang='lat' dir='ltr'>factum</span> <span class='ocrx_word' id='word_1_264' title='bbox 766 2807 828 2842; x_wconf 88' lang='lat' dir='ltr'>esse</span> <span class='ocrx_word' id='word_1_265' title='bbox 842 2789 968 2845; x_wconf 81' lang='lat' dir='ltr'>fateatur.</span> <span class='ocrx_word' id='word_1_266' title='bbox 1002 2790 1112 2855; x_wconf 81' lang='lat' dir='ltr'>Quam·</span> 
     </span>
     <span class='ocr_line' id='line_1_33' title="bbox 151 2863 1111 2938; baseline 0.003 -18"><span class='ocrx_word' id='word_1_267' title='bbox 151 2865 200 2920; x_wconf 89' lang='lat' dir='ltr'>diu</span> <span class='ocrx_word' id='word_1_268' title='bbox 217 2864 363 2938; x_wconf 88' lang='lat' dir='ltr'>quisquam</span> <span class='ocrx_word' id='word_1_269' title='bbox 384 2864 447 2932; x_wconf 87' lang='lat' dir='ltr'>erit,</span> <span class='ocrx_word' id='word_1_270' title='bbox 461 2863 509 2936; x_wconf 92' lang='lat' dir='ltr'>qui</span> <span class='ocrx_word' id='word_1_271' title='bbox 524 2874 559 2918; x_wconf 66' lang='lat' dir='ltr'>‘te</span> <span class='ocrx_word' id='word_1_272' title='bbox 580 2863 731 2918; x_wconf 87' lang='lat' dir='ltr'>defendere</span> <span class='ocrx_word' id='word_1_273' title='bbox 752 2863 863 2932; x_wconf 91' lang='lat' dir='ltr'>audeat,</span> <span class='ocrx_word' id='word_1_274' title='bbox 879 2864 972 2920; x_wconf 87' lang='lat' dir='ltr'>vives:</span> <span class='ocrx_word' id='word_1_275' title='bbox 993 2876 1022 2920; x_wconf 87' lang='lat' dir='ltr'>et</span> <span class='ocrx_word' id='word_1_276' title='bbox 1035 2868 1111 2923; x_wconf 87' lang='lat' dir='ltr'>vives</span> 
     </span>
     <span class='ocr_line' id='line_1_34' title="bbox 151 2937 1110 3012; baseline 0 -14"><span class='ocrx_word' id='word_1_277' title='bbox 151 2941 199 3011; x_wconf 84' lang='lat' dir='ltr'>ita,</span> <span class='ocrx_word' id='word_1_278' title='bbox 224 2951 255 2998; x_wconf 90' lang='lat' dir='ltr'>ut</span> <span class='ocrx_word' id='word_1_279' title='bbox 275 2957 352 2996; x_wconf 90' lang='lat' dir='ltr'>nunc</span> <span class='ocrx_word' id='word_1_280' title='bbox 365 2939 444 3008; x_wconf 81' lang='lat' dir='ltr'>¹vivis,</span> <span class='ocrx_word' id='word_1_281' title='bbox 459 2939 553 2995; x_wconf 87' lang='lat' dir='ltr'>multis</span> <span class='ocrx_word' id='word_1_282' title='bbox 577 2939 648 2994; x_wconf 89' lang='lat' dir='ltr'>meis</span> <span class='ocrx_word' id='word_1_283' title='bbox 666 2949 695 2994; x_wconf 89' lang='lat' dir='ltr'>et</span> <span class='ocrx_word' id='word_1_284' title='bbox 716 2937 803 2996; x_wconf 86' lang='lat' dir='ltr'>firmis</span> <span class='ocrx_word' id='word_1_285' title='bbox 816 2937 954 3012; x_wconf 80' lang='lat' dir='ltr'>praesidiis</span> <span class='ocrx_word' id='word_1_286' title='bbox 968 2940 1110 3012; x_wconf 88' lang='lat' dir='ltr'>obsessus,</span> 
     </span>
     <span class='ocr_line' id='line_1_35' title="bbox 151 3015 1110 3088; baseline 0 -14"><span class='ocrx_word' id='word_1_287' title='bbox 151 3037 188 3074; x_wconf 89' lang='lat' dir='ltr'>ne</span> <span class='ocrx_word' id='word_1_288' title='bbox 202 3035 376 3075; x_wconf 87' lang='lat' dir='ltr'>commovere</span> <span class='ocrx_word' id='word_1_289' title='bbox 394 3025 422 3072; x_wconf 88' lang='lat' dir='ltr'>te</span> <span class='ocrx_word' id='word_1_290' title='bbox 440 3026 540 3072; x_wconf 88' lang='lat' dir='ltr'>contra</span> <span class='ocrx_word' id='word_1_291' title='bbox 560 3015 761 3088; x_wconf 87' lang='lat' dir='ltr'>rempublicam</span> <span class='ocrx_word' id='word_1_292' title='bbox 781 3015 887 3088; x_wconf 88' lang='lat' dir='ltr'>possis:</span> <span class='ocrx_word' id='word_1_293' title='bbox 908 3016 1060 3072; x_wconf 90' lang='lat' dir='ltr'>multorum</span> <span class='ocrx_word' id='word_1_294' title='bbox 1082 3029 1110 3074; x_wconf 88' lang='lat' dir='ltr'>te</span> 
     </span>
    </p>

    <p class='ocr_par' dir='ltr' id='par_1_14' title="bbox 102 3089 1178 3246">
     <span class='ocr_line' id='line_1_36' title="bbox 102 3089 1109 3170; baseline -0.004 -16"><span class='ocrx_word' id='word_1_295' title='bbox 102 3101 137 3154; x_wconf 83' lang='lat'>35</span> <span class='ocrx_word' id='word_1_296' title='bbox 151 3095 236 3152; x_wconf 88' lang='lat' dir='ltr'>ctiam</span> <span class='ocrx_word' id='word_1_297' title='bbox 249 3095 324 3152; x_wconf 90' lang='lat' dir='ltr'>oculi</span> <span class='ocrx_word' id='word_1_298' title='bbox 338 3105 471 3162; x_wconf 73' lang='lat' dir='ltr'>stauros,</span> <span class='ocrx_word' id='word_1_299' title='bbox 485 3109 542 3148; x_wconf 93' lang='lat' dir='ltr'>non</span> <span class='ocrx_word' id='word_1_300' title='bbox 556 3093 734 3161; x_wconf 89' lang='lat' dir='ltr'>sentientem,</span> <span class='ocrx_word' id='word_1_301' title='bbox 750 3089 838 3165; x_wconf 88' lang='lat' dir='ltr'>(sicut</span> <span class='ocrx_word' id='word_1_302' title='bbox 850 3092 948 3147; x_wconf 86' lang='lat' dir='ltr'>adhuc</span> <span class='ocrx_word' id='word_1_303' title='bbox 960 3093 1109 3170; x_wconf 87' lang='lat' dir='ltr'>fecerunt)</span> 
     </span>
     <span class='ocr_line' id='line_1_37' title="bbox 152 3168 1178 3246; baseline -0.003 -19"><span class='ocrx_word' id='word_1_304' title='bbox 152 3171 369 3246; x_wconf 87' lang='lat' dir='ltr'>speculabuntur</span> <span class='ocrx_word' id='word_1_305' title='bbox 383 3180 465 3240; x_wconf 90' lang='lat' dir='ltr'>atque</span> <span class='ocrx_word' id='word_1_306' title='bbox 479 3168 647 3226; x_wconf 85' lang='lat' dir='ltr'>custodient.</span> <span class='ocrx_word' id='word_1_307' title='bbox 1064 3205 1070 3216; x_wconf 83' lang='lat'><strong>·</strong></span> <span class='ocrx_word' id='word_1_308' title='bbox 1174 3173 1178 3182; x_wconf 85' lang='lat'>&#39;</span> 
     </span>
    </p>

    <p class='ocr_par' dir='ltr' id='par_1_15' title="bbox 87 3242 1112 3474">
     <span class='ocr_line' id='line_1_38' title="bbox 87 3242 1112 3322; baseline 0 -20"><span class='ocrx_word' id='word_1_309' title='bbox 87 3297 93 3308; x_wconf 88' lang='lat'>,</span> <span class='ocrx_word' id='word_1_310' title='bbox 191 3245 254 3302; x_wconf 89' lang='grc' dir='ltr'><strong>ΙΙΙ.“</strong></span> <span class='ocrx_word' id='word_1_311' title='bbox 287 3243 403 3302; x_wconf 84' lang='lat' dir='ltr'>Etenim</span> <span class='ocrx_word' id='word_1_312' title='bbox 414 3245 481 3317; x_wconf 90' lang='lat' dir='ltr'>quid</span> <span class='ocrx_word' id='word_1_313' title='bbox 495 3254 547 3313; x_wconf 87' lang='lat' dir='ltr'>est,</span> <span class='ocrx_word' id='word_1_314' title='bbox 561 3243 694 3314; x_wconf 88' lang='lat' dir='ltr'>Catilina,</span> <span class='ocrx_word' id='word_1_315' title='bbox 698 3245 781 3322; x_wconf 70' lang='lat' dir='ltr'>puod</span> <span class='ocrx_word' id='word_1_316' title='bbox 792 3243 849 3318; x_wconf 87' lang='lat' dir='ltr'>jam</span> <span class='ocrx_word' id='word_1_317' title='bbox 862 3242 982 3318; x_wconf 75' lang='lat' dir='ltr'>amplius</span> <span class='ocrx_word' id='word_1_318' title='bbox 996 3263 1112 3320; x_wconf 85' lang='lat' dir='ltr'>exspec-</span> 
     </span>
     <span class='ocr_line' id='line_1_39' title="bbox 151 3313 1111 3398; baseline 0 -18"><span class='ocrx_word' id='word_1_319' title='bbox 151 3335 203 3392; x_wconf 87' lang='lat' dir='ltr'>tes,</span> <span class='ocrx_word' id='word_1_320' title='bbox 230 3323 254 3379; x_wconf 82' lang='lat' dir='ltr'>si</span> <span class='ocrx_word' id='word_1_321' title='bbox 280 3313 371 3395; x_wconf 63' lang='lat' dir='ltr'>necue</span> <span class='ocrx_word' id='word_1_322' title='bbox 392 3339 448 3377; x_wconf 84' lang='lat' dir='ltr'>nox</span> <span class='ocrx_word' id='word_1_323' title='bbox 473 3319 597 3382; x_wconf 83' lang='lat' dir='ltr'>tenebris</span> <span class='ocrx_word' id='word_1_324' title='bbox 619 3321 768 3376; x_wconf 85' lang='lat' dir='ltr'>obscurare</span> <span class='ocrx_word' id='word_1_325' title='bbox 792 3329 882 3398; x_wconf 72' lang='lat' dir='ltr'>custus</span> <span class='ocrx_word' id='word_1_326' title='bbox 903 3321 1033 3393; x_wconf 87' lang='lat' dir='ltr'>nefarios,</span> <span class='ocrx_word' id='word_1_327' title='bbox 1056 3341 1111 3380; x_wconf 88' lang='lat' dir='ltr'>nec</span> 
     </span>
     <span class='ocr_line' id='line_1_40' title="bbox 151 3383 1110 3474; baseline 0 -18"><span class='ocrx_word' id='word_1_328' title='bbox 151 3400 258 3474; x_wconf 83' lang='lat' dir='ltr'>privata</span> <span class='ocrx_word' id='word_1_329' title='bbox 275 3399 383 3455; x_wconf 84' lang='lat' dir='ltr'>dumus&#39;</span> <span class='ocrx_word' id='word_1_330' title='bbox 394 3383 547 3472; x_wconf 68' lang='lat' dir='ltr'>parielibus</span> <span class='ocrx_word' id='word_1_331' title='bbox 565 3397 710 3454; x_wconf 88' lang='lat' dir='ltr'>continere</span> <span class='ocrx_word' id='word_1_332' title='bbox 724 3415 821 3474; x_wconf 80' lang='lat' dir='ltr'>rocem</span> <span class='ocrx_word' id='word_1_333' title='bbox 839 3397 1040 3472; x_wconf 84' lang='lat' dir='ltr'>conjurationis</span> <span class='ocrx_word' id='word_1_334' title='bbox 1054 3410 1110 3456; x_wconf 77' lang='lat' dir='ltr'>tuae</span> 
     </span>
    </p>

    <p class='ocr_par' dir='ltr' id='par_1_16' title="bbox 102 3469 1158 3854">
     <span class='ocr_line' id='line_1_41' title="bbox 102 3469 1111 3551; baseline -0.003 -16"><span class='ocrx_word' id='word_1_335' title='bbox 102 3483 138 3537; x_wconf 76' lang='lat'>40</span> <span class='ocrx_word' id='word_1_336' title='bbox 152 3476 265 3551; x_wconf 77' lang='lat' dir='ltr'>potestr</span> <span class='ocrx_word' id='word_1_337' title='bbox 279 3475 303 3530; x_wconf 91' lang='lat' dir='ltr'>si</span> <span class='ocrx_word' id='word_1_338' title='bbox 319 3475 499 3545; x_wconf 86' lang='lat' dir='ltr'>illustrantur,</span> <span class='ocrx_word' id='word_1_339' title='bbox 510 3474 534 3530; x_wconf 88' lang='lat' dir='ltr'>si</span> <span class='ocrx_word' id='word_1_340' title='bbox 548 3481 698 3549; x_wconf 89' lang='lat' dir='ltr'>erumpunt</span> <span class='ocrx_word' id='word_1_341' title='bbox 710 3473 825 3530; x_wconf 87' lang='lat' dir='ltr'>omnial</span> <span class='ocrx_word' id='word_1_342' title='bbox 864 3469 1015 3550; x_wconf 72' lang='lat' dir='ltr'>Mutisi‘am</span> <span class='ocrx_word' id='word_1_343' title='bbox 1029 3476 1111 3532; x_wconf 88' lang='lat' dir='ltr'>istam</span> 
     </span>
     <span class='ocr_line' id='line_1_42' title="bbox 153 3547 1109 3625; baseline -0.001 -15"><span class='ocrx_word' id='word_1_344' title='bbox 153 3563 293 3610; x_wconf 89' lang='lat' dir='ltr'>mentem:</span> <span class='ocrx_word' id='word_1_345' title='bbox 314 3551 499 3606; x_wconf 84' lang='lat' dir='ltr'>mihicrede:</span> <span class='ocrx_word' id='word_1_346' title='bbox 520 3551 684 3608; x_wconf 87' lang='lat' dir='ltr'>obliviscere</span> <span class='ocrx_word' id='word_1_347' title='bbox 692 3547 794 3622; x_wconf 75' lang='lat' dir='ltr'>caedis,</span> <span class='ocrx_word' id='word_1_348' title='bbox 808 3561 890 3625; x_wconf 79' lang='lat' dir='ltr'>atque</span> <span class='ocrx_word' id='word_1_349' title='bbox 905 3551 1109 3609; x_wconf 88' lang='lat' dir='ltr'>incendiorum.</span> 
     </span>
     <span class='ocr_line' id='line_1_43' title="bbox 154 3625 1112 3698; baseline 0 -14"><span class='ocrx_word' id='word_1_350' title='bbox 154 3627 278 3684; x_wconf 83' lang='lat' dir='ltr'>Teneris</span> <span class='ocrx_word' id='word_1_351' title='bbox 304 3627 446 3698; x_wconf 89' lang='lat' dir='ltr'>undique:</span> <span class='ocrx_word' id='word_1_352' title='bbox 467 3625 531 3682; x_wconf 88' lang='lat' dir='ltr'>luce</span> <span class='ocrx_word' id='word_1_353' title='bbox 551 3638 617 3683; x_wconf 90' lang='lat' dir='ltr'>sunt</span> <span class='ocrx_word' id='word_1_354' title='bbox 631 3627 747 3685; x_wconf 87' lang='lat' dir='ltr'>clariora</span> <span class='ocrx_word' id='word_1_355' title='bbox 761 3629 843 3684; x_wconf 88' lang='lat' dir='ltr'>nobis</span> <span class='ocrx_word' id='word_1_356' title='bbox 856 3637 906 3682; x_wconf 86' lang='lat' dir='ltr'>tua</span> <span class='ocrx_word' id='word_1_357' title='bbox 924 3629 1042 3685; x_wconf 87' lang='lat' dir='ltr'>consilia</span> <span class='ocrx_word' id='word_1_358' title='bbox 1054 3647 1112 3685; x_wconf 87' lang='lat' dir='ltr'>om-</span> 
     </span>
     <span class='ocr_line' id='line_1_44' title="bbox 153 3701 1111 3780; baseline 0 -18"><span class='ocrx_word' id='word_1_359' title='bbox 153 3705 219 3762; x_wconf 89' lang='lat' dir='ltr'>nia:</span> <span class='ocrx_word' id='word_1_360' title='bbox 232 3722 295 3776; x_wconf 79' lang='lat' dir='ltr'>quae</span> <span class='ocrx_word' id='word_1_361' title='bbox 305 3703 392 3773; x_wconf 73' lang='lat' dir='ltr'>etiam</span> <span class='ocrx_word' id='word_1_362' title='bbox 407 3719 518 3758; x_wconf 87' lang='lat' dir='ltr'>mecum</span> <span class='ocrx_word' id='word_1_363' title='bbox 527 3703 594 3774; x_wconf 87' lang='lat' dir='ltr'>licet</span> <span class='ocrx_word' id='word_1_364' title='bbox 603 3720 800 3780; x_wconf 52' lang='lat' dir='ltr'>recognoscas„</span> <span class='ocrx_word' id='word_1_365' title='bbox 837 3701 1041 3776; x_wconf 82' lang='lat' dir='ltr'>Meministine,</span> <span class='ocrx_word' id='word_1_366' title='bbox 1055 3723 1111 3776; x_wconf 83' lang='lat' dir='ltr'>me,</span> 
     </span>
     <span class='ocr_line' id='line_1_45' title="bbox 153 3775 1158 3854; baseline 0.002 -16"><span class='ocrx_word' id='word_1_367' title='bbox 153 3780 311 3842; x_wconf 82' lang='lat' dir='ltr'>antediem</span> <span class='ocrx_word' id='word_1_368' title='bbox 320 3775 390 3834; x_wconf 86' lang='lat' dir='ltr'>XII.</span> <span class='ocrx_word' id='word_1_369' title='bbox 406 3777 546 3836; x_wconf 77' lang='lat' dir='ltr'>calendas</span> <span class='ocrx_word' id='word_1_370' title='bbox 559 3776 736 3852; x_wconf 79' lang='lat' dir='ltr'>Novembris,</span> <span class='ocrx_word' id='word_1_371' title='bbox 744 3781 839 3839; x_wconf 86' lang='lat' dir='ltr'>dicere</span> <span class='ocrx_word' id='word_1_372' title='bbox 852 3779 883 3837; x_wconf 91' lang='lat' dir='ltr'>in</span> <span class='ocrx_word' id='word_1_373' title='bbox 891 3791 1000 3854; x_wconf 86' lang='lat' dir='ltr'>senatu,</span> <span class='ocrx_word' id='word_1_374' title='bbox 1008 3782 1064 3840; x_wconf 56' lang='lat' dir='ltr'>fan</span> <span class='ocrx_word' id='word_1_375' title='bbox 1081 3783 1113 3840; x_wconf 78' lang='lat' dir='ltr'>in</span> <span class='ocrx_word' id='word_1_376' title='bbox 1151 3838 1158 3850; x_wconf 87' lang='grc'>,</span> 
     </span>
    </p>
   </div>
   <div class='ocr_carea' id='block_1_3' title="bbox 0 0 1279 4212">
    <p class='ocr_par' dir='ltr' id='par_1_17' title="bbox 0 0 1279 4212">
     <span class='ocr_line' id='line_1_46' title="bbox 0 0 1279 4212; baseline 0 0"><span class='ocrx_word' id='word_1_377' title='bbox 0 0 1279 4212; x_wconf 95' lang='lat' dir='ltr'> </span> 
     </span>
    </p>
   </div>
  </div>
 </body>
</html>
