2542 4212
390 255 524 330 ummo
541 255 663 320 PRQM.
679 255 885 304 MARCELLO.
1131 255 1169 314 06

157 394 264 464 arom,
272 413 329 452 non
339 395 458 468 minse
468 395 588 470 neum
599 397 696 454 ausin
709 397 808 470 possit,
820 377 905 490 aque·
913 394 974 474 ipse
988 395 1119 470 eogrrm

92 494 96 500 ·
157 471 259 528 sentio.
301 469 394 544 Ipsam
415 472 562 528 victoriam
582 473 683 528 vicisse
703 473 815 542 videris,
837 491 903 528 oum
923 491 966 541 ea,
987 489 1050 544 que
1071 469 1119 528 illa

158 557 221 609 erat
234 548 341 622 adepta,
356 547 437 604 vietis
451 548 593 604 remisisti.
634 547 720 619 Num,
735 546 802 604 erim
817 541 905 622 ipsius
918 543 1040 604 viototiae
1052 566 1119 604 oon·

159 623 266 680 ditione
277 624 340 698 jure
352 642 452 680 omnes
465 625 532 680 victi
545 625 762 694 occidissemus,
775 623 932 696 clementie
946 635 1002 680 tue
1010 623 1119 698 judioio

158 701 314 756 conservati
326 719 433 756 sumus.
473 698 567 756 Reotd
580 701 666 780 igitur
675 721 749 760 unus
761 701 882 758 invictus
893 719 934 771 es,
944 720 961 757 a
971 719 1026 774 quo
1034 701 1118 770 etiqm
1136 697 1154 750 5

158 776 248 851 ipsius
261 777 385 832 vietoriae
399 777 523 838 eonditio
537 777 635 850 visque
650 777 761 850 deripta
774 787 823 834 est.

197 853 234 908 V.
270 854 365 925 Atque
386 853 440 908 hoo
461 852 494 907 0.
516 852 638 908 Caesaris
655 853 807 927 judicium,
828 853 926 910 Patres
947 851 1118 930 Conseripti,

160 947 245 1001 quam
258 925 315 986 late
336 927 437 1002 pateat,
455 929 608 984 attendite:
629 948 647 986 o
678 949 729 986 nes
749 930 835 1000 enim,
856 929 904 1004 qui
924 931 959 986 ed
980 929 1028 988 itu
1041 949 1119 988 arma

162 1005 218 1061 sato
242 1024 338 1060 sumus
358 1005 456 1060 nescio
475 1025 531 1078 quo
550 1005 650 1080 reipub
662 1005 714 1060 ioae
734 1007 837 1063 misem
859 1007 1023 1080 funestoque
1044 1021 1119 1064 eom*

159 1081 242 1155 pulsi,
265 1082 319 1138 etsi
341 1081 434 1154 aliqud
456 1081 540 1156 culpe
559 1092 689 1138 tenemur
711 1083 811 1138 erroris
830 1083 957 1154 humani,
978 1079 1168 1150 asoeiere,10

159 1155 235 1214 certe
249 1159 360 1214 liberati
373 1177 487 1220 sumus.
529 1157 615 1229 Nam,
628 1155 697 1214 oiim
713 1157 753 1214 M.
768 1157 946 1230 Marcellum,
966 1160 1119 1234 deprecan-

157 1236 234 1291 tibus
253 1235 342 1306 vobis,
357 1235 520 1309 reipublicae
541 1235 732 1302 conservavit;
754 1247 858 1292 memet
871 1235 951 1306 mihi,
965 1247 994 1293 et
1013 1233 1126 1294 iterum·

157 1311 331 1386 reipublioae,
352 1311 430 1368 nullo
451 1311 630 1386 deprecante,
651 1311 772 1385 reliquos
793 1311 977 1387 amplissimos
997 1313 1069 1370 viros
1089 1323 1118 1370 et
1207 1381 1212 1392 ,

158 1389 212 1444 sibi
227 1389 298 1463 ipsis
312 1399 341 1444 et
354 1389 460 1462 patriae,
475 1387 615 1444 reddidit:
635 1407 754 1464 quorum
768 1399 797 1446 et
815 1389 1000 1463 frequentiam
1015 1399 1043 1446 et
1057 1389 1118 1464 dig-

158 1466 277 1520 nitatem
288 1466 342 1522 hoe
352 1465 412 1538 ipso
426 1465 456 1520 in
466 1483 599 1522 consessu
612 1467 721 1523 videtis.
757 1464 824 1522 Non
840 1465 885 1522 ille
900 1466 994 1522 hostes
1008 1467 1118 1522 induxit
1135 1477 1168 1530 15

160 1541 191 1597 in
206 1541 331 1609 ouriam3
353 1541 402 1596 sed
414 1541 596 1616 judicarit,·a
609 1543 759 1616 plerisque,
779 1542 953 1617 ignoratione
972 1537 1075 1616 potids,
1089 1553 1118 1600 et

159 1617 231 1676 salso
244 1628 326 1691 atque
340 1617 419 1674 inani
437 1629 522 1689 metu,
536 1615 620 1693 qudm
635 1619 790 1694 eupiditate
811 1628 859 1674 aut
872 1619 1046 1690 erudelitate,
1062 1619 1117 1676 bel·

156 1693 217 1750 lum
233 1713 295 1751 esse
309 1706 480 1770 susceptum
520 1695 589 1756 Quo
607 1697 721 1770 quidem
737 1696 766 1752 iu
782 1695 855 1752 bello
874 1715 983 1770 semper
997 1695 1032 1752 de
1046 1689 1115 1772 pao'e

160 1771 333 1846 audiendum
346 1773 460 1846 putari3
482 1791 646 1848 semperque
659 1773 746 1843 dolui,
766 1769 824 1828 ndu
840 1770 923 1828 inodd
937 1792 1047 1846 paoem,
1065 1773 1115 1828 sed

161 1847 321 1904 orationem
347 1848 433 1904 etiam
460 1849 574 1918 civium,
607 1868 707 1924 paoem
736 1848 932 1924 flagitantium,
965 1849 1115 1922 repudiari.
1132 1857 1168 1912 tto

158 1921 263 1998 Neque
282 1924 359 1980 enim
378 1943 431 1999 ego
451 1925 508 1995 illa,
522 1919 576 1982 neo
593 1926 650 1982 ulla
670 1944 804 2000 unquam,
822 1936 937 1982 secutus
956 1943 1018 1982 sum
1041 1919 1117 1982 arm'a

158 1995 270 2069 oiriiia';
291 2021 457 2076 semperque
478 2021 542 2058 mea
565 2003 684 2060 consilia
707 2003 786 2078 pacis
807 2013 836 2059 et
859 2013 930 2078 togae
950 2002 1036 2072 socie,
1057 2021 1116 2059 non

157 2076 223 2134 belli
237 2089 319 2154 atque
332 2077 620 2150 armorum,·fuerunt
661 2079 816 2137 Hominem
827 2098 889 2136 sum
904 2091 1016 2136 secutus
1030 2079 1118 2153 priva·

157 2163 186 2210 to
208 2155 311 2227 officio,
337 2173 396 2213 nou
418 2156 553 2230 publioo:
574 2167 739 2232 tantumque
764 2156 838 2231 apud
862 2175 908 2212 me
934 2155 1006 2230 grati
1030 2155 1117 2210 animi

157 2231 249 2286 fidelis
262 2233 398 2288 memoria
410 2233 506 2304 valuit,
521 2243 553 2289 ut
566 2232 654 2304 nulle,
668 2253 725 2290 uon
740 2229 824 2290 modd
838 2221 1003 2306 oripiditate,
1017 2231 1067 2285 sed
1081 2245 1167 2298 ηοω

158 2326 209 2382 spe
229 2309 352 2383 quidem,
370 2309 494 2383 prudens
511 2320 541 2366 et
559 2310 664 2380 sciens,
687 2321 820 2384 tanquam
839 2309 874 2366 ud
896 2303 1040 2366 interitum
1058 2325 1119 2364 rue·

158 2401 218 2441 rem
233 2385 427 2444 voluntarium·
1036 2393 1040 2401 '

128 2507 131 2512 ,
185 2462 283 2538 ,Quod
305 2463 421 2536 quidem
444 2481 540 2520 meum
566 2464 719 2532 eonsilium
741 2461 859 2521 minimd
881 2465 1033 2522 obscurum
1055 2464 1115 2522 mit.

158 2535 235 2593 Nam
249 2541 321 2594 etin
335 2540 390 2616 ipoo
409 2540 518 2609 ordine,
533 2540 644 2614 integri
657 2560 698 2610 re,
718 2540 803 2596 multa
817 2542 853 2598 de
866 2560 936 2616 paee
947 2541 1005 2598 dixi
1016 2533 1034 2597 τ’
1043 2553 1072 2598 et
1086 2542 1115 2598 in

159 2614 222 2688 ipso
236 2613 310 2670 bello
324 2615 435 2688 eadem,
449 2615 534 2668 etiam
548 2615 725 2690 oum'oapitis
735 2617 789 2674 mei
803 2617 939 2692 periculo,
953 2617 1037 2674 sensi.
1057 2615 1116 2672 ‘Ex
1131 2623 1167 2676 30
1209 2681 1215 2692 ,

157 2710 215 2765 quo
226 2691 287 2764 jam
301 2707 387 2745 nemo
400 2689 454 2745 erit
467 2699 524 2744 tam
540 2689 660 2764 injustus
674 2711 765 2748 rerum
781 2691 990 2768 [existimator,]
1006 2691 1054 2764 qui
1068 2691 1118 2746 du·

132 2765 144 2784 ⁶
158 2769 239 2837 bitet,
260 2785 323 2840 quae
339 2765 459 2825 cesaris
481 2766 607 2824 voluntas
625 2768 660 2824 de
680 2769 751 2826 bello
772 2769 864 2844 (uerit,
883 2767 949 2826 erim
962 2767 1040 2844 paois
1053 2785 1117 2824 aue·

157 2855 232 2900 tores
254 2843 461 2900 conservandos
482 2845 575 2902 statim
597 2847 749 2916 censuerit,
774 2847 885 2903 oaeteris
907 2845 990 2902 suerit
1011 2845 1114 2902 iratior.
1212 2851 1220 2864 “

155 2923 250 2995 Atque
259 2921 289 2978 id
298 2917 396 2976 minirs
405 2921 509 2977 mirum
519 2921 634 2978 fortasse
644 2934 714 2992 tum,
726 2919 793 2978 oiim
801 2935 874 2978 esset
884 2923 1007 2979 ineertus
1015 2923 1116 2992 exitus,

153 3009 182 3055 et
193 3017 299 3072 anoeps
311 2994 495 3052 fortuna‘belli
506 3017 512 3051 :
527 2999 574 3070 qui
585 2996 663 3068 vero,
677 2999 776 3067 victor,
786 2999 865 3072 paois
876 3010 1004 3053 auctores
1015 2999 1116 3072 diligit,
1131 3017 1167 3071 35

153 3075 178 3131 is·
190 3069 318 3148 profeotd
326 3072 468 3142 declarat,
482 3091 512 3128 se
523 3074 655 3132 maluisse
667 3093 724 3130 non
739 3074 884 3142 dimicare,
898 3070 983 3146 qudm
995 3073 1115 3128 vincere.

88 3200 91 3206 .
127 3164 129 3168 ’
191 3151 244 3207 VI.
279 3149 488 3224 Atque'hujus
514 3151 627 3223 quidem
648 3151 690 3206 rei
718 3147 759 3205 M.
783 3147 919 3206 Marcello
946 3167 1008 3205 sum
1030 3148 1115 3203 testis.

155 3225 253 3282 Nostri
272 3227 350 3282 euim
372 3245 483 3296 sensus,
505 3237 536 3282 ut
550 3227 580 3282 in
602 3246 674 3301 paee
697 3243 818 3299 semper,
840 3226 883 3281 sio
897 3236 957 3282 tum
979 3225 1065 3282 etiam
1086 3224 1116 3280 in

156 3301 232 3357 bello
242 3303 445 3376 congruebant.
479 3302 603 3374 Quoties
614 3322 670 3376 ego
683 3320 760 3370 eum,
775 3311 916 3372 etquanto
929 3319 995 3356 eum
1010 3302 1116 3373 dolore,

132 3387 136 3396 '
155 3377 224 3446 vidi,
239 3375 312 3433 oirm'
321 3378 501 3437 insolentiam
518 3389 659 3436 certorum
675 3377 833 3443 hominum,
855 3386 914 3432 tum
928 3377 1013 3434 etiam
1028 3379 1117 3452 ipsius
1131 3389 1165 3440 to

151 3453 281 3511 victmiae
296 3453 476 3526 ferocitatem,
490 3453 742 3512 extimescentem!
782 3449 852 3509 Quo
867 3453 971 3526 gratior
986 3465 1035 3510 tua
1049 3455 1118 3510 libe-
1166 3461 1181 3488 ⁸

53 3546 62 3560 ·
150 3532 262 3600 ruditas,
284 3529 318 3588 C.
333 3529 438 3602 Caesar,
453 3533 543 3602 nobis,
564 3531 613 3604 qui
627 3530 675 3584 illa
689 3528 820 3598 vidimus,
840 3529 924 3591 debet
937 3550 1008 3587 esse.
1049 3529 1115 3585 Non

149 3609 230 3666 enim
250 3605 311 3680 jam
325 3621 423 3663 cause
445 3619 511 3664 sunt
531 3608 604 3663 inter
625 3623 665 3674 se,
688 3603 738 3658 sed
760 3603 891 3678 vieto'riae,
911 3605 1113 3685 comparandae.

148 3685 287 3762 Yidimus
297 3693 379 3764 tuam
390 3683 541 3814 giqtoriam
552 3681 713 3756 proeliorum
728 3681 805 3738 exitu
819 3685 1016 3792 terminatam:
1029 3674 1116 3743 gladi·
1167 3739 1170 3744 ,
