2542 4212
316 261 862 318 onnmornonecenerornao.
1084 275 1124 334 sa

108 408 188 466 nium
203 423 291 478 mma,
304 415 405 462 contra
418 423 448 462 se
461 424 551 462 unum
564 407 708 464 excitaret
747 407 884 468 Quonam
906 407 953 466 ille
975 411 1072 484 modo,

108 502 175 541 cum
196 501 295 557 regno,
317 499 383 538 cum
405 482 500 552 domo,
514 501 581 538 curn
603 483 735 558 conjuge,
752 502 818 540 cum
837 484 982 543 carissimo
1002 486 1071 559 filio,

90 623 94 630 ,
108 561 259 617 distractus
272 568 355 629 esset,
368 568 448 614 tauto
469 558 577 614 scelere
591 578 649 615 non
662 557 748 616 modo
762 561 895 634 perlecto,
909 563 959 628 sed
980 563 1070 620 'etiam

108 655 144 693 oo
165 637 251 694 'tatol
295 683 299 686 .

92 699 96 708 ¹
144 655 199 770 ᾗ
241 713 282 770 At
296 710 411 788 (credo)
426 712 488 768 brec
499 712 586 772 ,homo
600 713 776 770 inconsultus
789 725 818 771 et
831 716 997 772 temerarius
1010 735 1069 774 non
1085 725 1104 775 5

107 789 226 848 videbat.
267 789 345 850 Quis
366 788 568 846 consideratior
591 789 657 846 illol
680 787 755 864 [quis
775 791 874 848 tectior
882 791 907 868 l]
922 793 986 866 quis
1007 811 1071 867 pru·

108 867 238 924 dentiorl
258 884 418 940 quanquam
432 865 560 922 hocloco
574 864 740 922 Deiotarum
761 885 818 924 uon
839 878 896 924 tarn
910 869 1027 943 ingenio
1040 879 1070 926 et

107 943 270 1018 prudentiis,
283 939 368 1016 qudrn
390 942 446 997 fide
466 953 495 999 et
514 942 651 1016 religione
676 943 748 1012 vitae,
762 943 973 1002 defendendum
990 955 1067 1019 puto.
1131 945 1137 970 ”
1242 951 1244 980 ³

109 1019 187 1076 Nota
200 1019 250 1076 tibi
264 1030 316 1090 est,
330 1017 383 1076 Gai
398 1017 504 1089 Caesar,
518 1019 642 1076 hominis
655 1019 789 1093 probitas,
803 1019 862 1076 noti
886 1039 988 1091 mores,
1002 1023 1069 1078 note

108 1097 274 1153 constantia.
316 1096 373 1152 Cui
386 1115 480 1170 porro,
493 1096 541 1169 qui
555 1093 639 1152 modd
653 1095 749 1170 populi
763 1097 887 1154 Romani
902 1116 1005 1162 nomen
1020 1116 1068 1154 au·
1085 1095 1118 1148 10

108 1173 186 1244 divit,
207 1171 335 1230 Deiotari
357 1173 514 1246 integritas,
532 1172 663 1246 gravitas,
686 1173 783 1243 virtus,
800 1173 880 1243 fides,
894 1193 951 1230 non
973 1174 1068 1231 audita

108 1251 170 1306 esti
209 1249 299 1310 Quod
313 1249 399 1324 igitur
414 1249 524 1306 facinus
534 1267 589 1306 nec
604 1249 790 1305 inhominem
804 1250 1010 1324 imprudentem
1022 1269 1068 1307 ca·

108 1327 174 1384 dere
184 1338 278 1402 posset
286 1337 399 1401 propter
417 1337 525 1382 metum
542 1326 689 1400 praesentis
707 1326 799 1396 exitii,
810 1345 865 1382 nec
883 1327 913 1382 in
933 1327 1067 1384 facinoro-

107 1422 180 1474 sum,
194 1405 250 1460 nisi
265 1409 340 1460 esset
353 1403 430 1459 idem
445 1403 662 1472 amentissimus,
674 1402 702 1458 id
714 1420 763 1459 vos
776 1414 806 1459 et
819 1404 904 1460 aviro
913 1404 1028 1477 optimo,
1038 1415 1067 1461 et

108 1480 145 1536 ab
158 1481 273 1536 homine
287 1476 407 1536 minime
423 1479 517 1549 stulto,
531 1481 684 1554 cogitatum
698 1497 761 1534 esse
775 1479 946 1554 confingitis.
1083 1481 1117 1531 15
1218 1473 1220 1480 '

149 1557 190 1612 At
209 1554 295 1630 qudm
316 1574 373 1612 non
394 1552 480 1612 modb
501 1574 558 1611 non
571 1555 761 1626 credibiliter,
783 1556 833 1611 sed
853 1573 890 1612 ne
910 1553 1066 1631 suspiciose

107 1633 242 1710 quidem!
284 1633 368 1704 Cum,
388 1632 488 1706 inquit,
509 1633 539 1688 in
560 1632 706 1688 castellum
727 1631 866 1689 Luceiu'nt
884 1633 1020 1704 venisses,
1038 1643 1067 1690 et

107 1711 221 1768 domum
242 1711 328 1786 regis,
343 1707 460 1785 hospitis
478 1709 529 1781 tui,
543 1709 713 1781 divertisses,
727 1709 806 1766 locus
819 1721 879 1766 erat
897 1712 1021 1784 quidam,
1036 1711 1066 1766 in

107 1807 164 1862 quo
177 1798 257 1844 erant
270 1807 305 1844 ea
318 1787 482 1862 composita,
496 1787 598 1859 quibus
609 1805 659 1842 rex
672 1796 700 1842 te
714 1805 863 1844 munerare
873 1783 1066 1844 constituerat.

109 1864 179 1921 Huc
199 1874 228 1920 te
247 1883 264 1919 e
284 1863 394 1932 balneo,
415 1863 577 1936 priusquam
604 1864 796 1934 recumberes,
824 1865 929 1922 ducere
950 1863 1066 1920 volebat.
1082 1864 1117 1918 20

107 1940 197 1998 Erant
218 1941 296 1997 enim
312 1939 421 2011 armati,
443 1939 490 2014 qui
506 1950 534 1996 te
548 1939 755 2012 interficerent,·
771 1942 801 1998 in
814 1960 849 1998 eo
862 1941 923 2016 ipso
936 1941 998 1998 loco
1011 1939 1067 1998 col·

106 2017 197 2076 locati.
239 2017 284 2074 En
300 2017 417 2088 crimen,
433 2036 470 2073 en
485 2035 580 2089 causa,
594 2036 646 2075 cur
660 2037 755 2093 regern
767 2018 910 2093 fugitivus,
921 2018 1068 2100 domip'urn

106 2114 212 2167 servus,
234 2105 355 2152 accuset
397 2093 469 2170 Ego,
486 2093 676 2170 (mehercule)
699 2095 753 2151 Oai
771 2095 876 2166 Cesar,
897 2097 988 2166 initio,
1001 2093 1069 2152 clim

106 2174 205 2230 estad
225 2192 271 2229 me
291 2174 344 2230 ista
364 2189 452 2228 causa
471 2172 573 2242 delata,
594 2172 766 2246 Phidippum
786 2173 938 2241 medicum,
959 2189 1069 2228 servum

106 2251 228 2325 regium,
248 2249 296 2322 qui
316 2267 383 2305 cum
404 2248 504 2323 legatis
524 2249 628 2304 missus
647 2258 731 2319 esset,
758 2250 794 2306 ab
814 2250 869 2308 isto
889 2247 1068 2306 adolescente
1082 2251 1118 2306 2⁵

106 2345 171 2396 esse
198 2336 371 2400 corruptum,
391 2325 447 2380 hac
473 2325 633 2400 suspicione
654 2344 717 2382 sum
737 2345 905 2402 percussus:
926 2325 1068 2382 medicum

106 2403 233 2462 indicem
253 2402 433 2460 subornabit:
455 2401 543 2478 finget
556 2403 689 2480 videlicet
709 2402 821 2476 aliquod
835 2405 942 2462 crimen
957 2401 1068 2460 veneni.

105 2479 143 2537 Et
156 2482 181 2538 si
194 2481 213 2538 a
226 2481 342 2538 veritate
356 2477 451 2555 longe,
465 2490 560 2537 temen
578 2480 814 2542 connsuetudine
829 2480 997 2538 criminandi
1011 2499 1069 2538 non

105 2555 239 2626 mmmm,
252 2576 298 2614 res
311 2558 486 2613 abhorrebat.

145 2633 230 2700 Quid
241 2633 282 2688 ait
291 2633 439 2687 medicusl
459 2619 531 2688 nihil
543 2633 579 2688 de
589 2605 707 2690 veneno.
731 2636 781 2704 ,At
794 2638 822 2694 id
834 2637 895 2694 fieri
905 2627 1004 2710 poluit,
1014 2635 1069 2708 pri·
1083 2637 1130 2704 30,

105 2699 366 2783 md,occultii1sin
380 2707 504 2782 potione,
527 2707 570 2764 vel
584 2703 615 2766 iri
634 2710 717 2774 cibo:
737 2712 851 2784 deinde,
872 2713 958 2770 etiam
980 2711 1069 2785 impu·

105 2786 174 2858 nius
194 2787 235 2857 fit,
248 2785 333 2860 quod,
348 2782 415 2868 crim
430 2795 473 2842 est
494 2785 609 2858 factum,
630 2787 729 2862 negari
746 2800 845 2864 potest.
881 2789 918 2864 §i
932 2785 1025 2864 paldm
1039 2798 1068 2844 te
1118 2855 1120 2860 Ι

105 2865 305 2934 interemisset,
332 2863 460 2920 omnium
481 2861 511 2918 in
532 2881 562 2920 se
582 2865 711 2939 gentimn
731 2885 788 2923 non
809 2864 902 2924 solinn
922 2867 997 2938 odia,
1018 2865 1068 2924 sed
1126 2904 1130 2911 ·

104 2943 191 3012 etiam
213 2960 301 3012 mma,
322 2940 523 2997 convertisset:
551 2941 575 2996 si
596 2937 725 3010 veneno;
754 2943 833 3000 Jovis
853 2937 928 3000 illius
954 2944 1068 3017 quidem

105 3019 250 3095 hospitalis
264 3036 372 3074 numen
386 3035 532 3091 nunquam
552 3017 644 3075 celare
657 3020 811 3093 potuisset;
833 3019 961 3076 homines
974 3021 1069 3094 fortas·
1083 3025 1119 3078 35

105 3113 136 3154 se
149 3097 308 3154 celavisset.
329 3093 443 3162 ,Quod
465 3094 551 3168 igitur
571 3105 600 3151 et
619 3093 760 3156 occultihs
781 3095 888 3166 conari,
908 3106 937 3152 et
956 3095 1068 3152 efficere

104 3170 226 3244 cautiirs,
240 3171 333 3248 potuit
341 3191 349 3240 ;
370 3171 400 3228 id
414 3169 476 3242 tibi,
498 3181 527 3227 et
540 3171 652 3230 medico
672 3171 784 3243 cellldo,
799 3184 828 3229 et
841 3191 919 3229 servo
934 3171 979 3247 (ut
991 3181 1070 3248 puta·

103 3249 166 3324 bat)
182 3249 268 3318 fideli,
278 3267 336 3305 non
346 3248 485 3316 credidit;
506 3247 542 3304 de
553 3250 647 3321 armis,
656 3249 693 3305 de
704 3247 786 3319 ferro,
798 3251 834 3305 de
845 3250 966 3320 insidiis,
977 3250 1069 3316 celare

101 3337 132 3384 te
147 3323 258 3380 noluitl
291 3327 331 3381 At
344 3322 428 3397 qudrn
443 3321 668 3383 festivd‘crimeh
682 3325 856 3382 contexitur!
891 3325 965 3394 ⁴Tua
978 3337 1016 3398 te,
1028 3327 1070 3384 in·
1137 3379 1141 3388 ,

100 3401 176 3478 quit,
190 3400 302 3470 eadem,
315 3417 377 3473 quae
398 3419 518 3483 semper,
532 3401 644 3460 fortuna
657 3401 792 3470 servavit;
814 3402 951 3475 negavisti
965 3399 1026 3460 tuin
1040 3414 1069 3461 te
1084 3407 1119 3463 to

101 3477 247 3554 inspicere
260 3475 339 3533 velle·
752 3504 756 3512 ·
888 3505 890 3510 -

142 3554 213 3613 VII.
235 3552 318 3614 Quid
337 3555 456 3630 posteat
495 3557 544 3614 An
565 3555 732 3624 Deiotarus,
747 3571 778 3610 re
799 3553 847 3612 illo
866 3566 990 3632 tempore
1011 3575 1069 3614 non

101 3630 243 3708 perfecti,
265 3629 403 3688 continuo
418 3632 526 3689 dimisit
538 3629 714 3690 exercituml
734 3630 830 3689 nullus
841 3644 904 3690 erat
917 3634 988 3690 alins
1001 3634 1069 3689 insi-

60 3759 63 3764 .
101 3709 202 3768 diandi
222 3709 325 3767 locusl
365 3709 406 3766 At
425 3706 528 3783 eddenr
541 3719 581 3780 te,
602 3705 670 3766 cum
690 3709 871 3780 coeuavisses,
891 3709 1068 3764 redditurum

1235 293 1236 330 l

1234 341 1237 390 l

1239 594 1240 630 l

1238 676 1241 716 l
