2516 4204
361 289 494 340 ORATIO
511 285 549 340 ΙΝ
564 289 603 340 Μ.
618 289 820 344 Anuomust.
1068 305 1122 362 1ss

115 431 200 502 dam3
221 441 264 502 ut,
278 431 301 488 si
315 431 418 505 sepius
431 431 637 488 decertandum
650 432 747 566 sitqut
760 432 839 510 erit),
860 451 970 511 semper
983 454 1074 496 novus

114 511 246 566 reniam:
270 525 351 581 quem
377 507 542 564 facultatem
566 509 636 566 mibi
658 528 686 565 m

114 595 351 660 peccatorumque
364 582 491 656 largitur.
527 631 530 636 .

153 661 267 717 XVIII.
301 660 391 716 Visne
412 659 499 734 igitur
517 671 547 718 te
567 661 752 736 inspiciamus
773 665 916 738 apuercl
951 667 1002 722 Sic
1015 667 1073 742 opi·

114 757 173 796 nor.
214 739 242 794 A
255 730 399 813 principio
412 737 565 794 ordiamur.
607 737 743 794 Tenesne
764 739 909 813 memorii,
930 753 1116 816 praetexta-5

718 510 811 568 titudo
837 510 918 568 istius
942 513 1072 572 vitiorum

113 825 174 871 tum
196 825 225 870 te
246 814 413 870 decoxisse?
446 813 548 883 Patris,
563 814 683 886 inquies,
702 815 756 871 ista
771 815 855 890 culpa
869 827 922 874 est.
963 817 1074 876 Conce-
1100 879 1103 884 ,

13 891 16 898 “
115 891 152 946 do
161 880 288 988 (etenim
303 900 347 945 est
359 889 469 962 pietatis
481 889 565 963 plena
579 889 725 953 defensio.)
750 890 822 947 Illud
836 904 931 950 tamen
946 891 1094 956 audacie&
1107 901 1136 940 ‘r

115 977 184 1036 tuae,
196 963 273 1040 qudd
286 966 382 1022 sedisti
395 966 426 1021 in
438 967 650 1038 quatuordecim
661 967 818 1044 ordinibus,
831 966 898 1026 cim
911 981 995 1040 esset,
1009 971 1071 1046 lege

115 1043 236 1112 Roscii,
256 1043 452 1100 decoctoribus
469 1053 564 1098 certus
577 1043 657 1099 locus
675 1044 854 1115 constitutus,
867 1047 994 1118 quamvis
1010 1047 1072 1119 quis

115 1120 232 1176 fortunae
246 1119 322 1188 vitio,
336 1138 394 1175 non
408 1137 470 1188 suo,
485 1120 652 1176 decoxisset.
889 1183 895 1194 ,
1087 1136 1121 1188 ιο

153 1195 304 1270 Sumpsisti
325 1195 433 1251 virilem
454 1205 557 1270 togam,
578 1215 662 1269 quarn
681 1197 774 1254 statim
794 1197 960 1256 muliebrem
977 1210 1071 1274 togam

114 1273 276 1330 reddidisti:
297 1269 389 1346 primb
417 1273 531 1346 vulgare
559 1283 701 1328 scortum:
721 1285 799 1330 certa
824 1273 923 1349 flagitii
949 1295 1069 1348 merces,

114 1367 169 1406 neo
182 1369 216 1406 ea
228 1364 321 1424 parva:
363 1349 420 1404 Sed
434 1347 492 1404 citi>
506 1349 595 1406 Curio
610 1350 769 1419 intervenit,
782 1350 829 1423 qui
839 1361 868 1407 te
882 1370 899 1406 a
911 1353 1070 1410 meretricio

114 1437 223 1498 quaestu
238 1425 370 1491 abduxit;
384 1435 423 1494 et,
436 1436 569 1500 tanquam
582 1427 683 1482 stolam
698 1425 832 1496 dedisset,
847 1427 876 1482 in
890 1429 1071 1484 matrimonio

115 1503 211 1557 stabili
224 1512 253 1557 et
266 1512 344 1558 certo
358 1501 466 1558 locavit.
1086 1515 1120 1568 15

155 1577 253 1636 Nemo
276 1597 400 1651 unquam
418 1599 498 1654 puer,
512 1591 624 1654 emptus
643 1579 770 1636 libidinis
783 1579 883 1648 causa,
902 1589 960 1636 tam
974 1579 1027 1637 furi
1040 1581 1069 1636 iu

114 1656 221 1712 domini
243 1666 390 1730 potestate,
413 1654 498 1729 qudm
516 1668 546 1714 tu
568 1657 598 1712 in
617 1656 761 1712 Curionis.
801 1655 924 1715 Quoties
945 1668 972 1713 te
990 1667 1070 1732 pater

114 1732 177 1806 ejus
190 1734 274 1788 domo
291 1732 345 1788 suri
358 1732 462 1806 ejecitl
482 1733 591 1806 quoties
612 1734 743 1790 custodes
756 1733 859 1806 posuit,
879 1751 916 1788 ne
929 1731 1016 1788 limen
1029 1735 1071 1790 iu·

114 1810 224 1864 traresl
245 1805 313 1864 eirm
326 1820 358 1863 tu
371 1819 476 1878 tamen,
490 1821 573 1866 nocte
587 1811 674 1879 meis,
689 1811 817 1866 hortante
830 1808 957 1878 libidine,
971 1827 1072 1882 eogen-

113 1895 144 1942 te
157 1886 300 1954 mercede,
315 1903 364 1958 per
377 1886 486 1960 tegulas
497 1887 693 1944 demitterere:
715 1903 778 1960 qure
792 1883 898 1959 flagitia
912 1885 1011 1940 domus
1025 1884 1072 1940 illa
1085 1892 1121 1950 m

113 1963 222 2019 diutius
235 1963 307 2018 ferre
322 1981 379 2018 nou
399 1963 497 2036 potuit.
539 1963 651 2034 Seisne,
665 1982 712 2020 me
725 1964 761 2019 de
775 1962 859 2018 rebus
879 1962 949 2018 milri
963 1961 1073 2018 notissi-

112 2040 168 2096 mis
192 2040 310 2098 dicerel
349 2038 514 2096 Recordare
540 2051 652 2114 tempus
680 2039 761 2110 illud,
787 2035 854 2096 crim
880 2049 959 2113 pater
984 2038 1072 2095 Curio

112 2135 235 2172 moerens
253 2113 365 2190 jacebat
380 2117 411 2172 iu
432 2117 523 2174 lecto:
543 2117 629 2186 filius,
649 2135 680 2172 se
694 2117 730 2172 ad
750 2115 838 2190 pedes
858 2134 935 2172 meos
955 2127 1074 2188 proster-

112 2211 197 2262 nens,
209 2193 380 2266 lacrymans,
392 2203 420 2248 te
434 2195 504 2250 mihi
518 2193 752 2260 commendabat;
768 2192 876 2261 orabat,
889 2203 921 2247 ut
934 2201 963 2248 te
976 2202 1073 2248 contra

112 2285 197 2324 suum
219 2280 336 2342 patrem,
358 2267 382 2324 si
403 2270 562 2326 sestertium
586 2270 715 2342 sexagies
735 2279 853 2343 peteret,
875 2267 1072 2326 defenderem:
1086 2273 1121 2332 25

112 2355 226 2402 tantum
251 2345 327 2402 enim
349 2364 379 2400 se
400 2356 499 2419 prote
520 2345 723 2402 intercessisse.
765 2343 830 2418 Ipse
852 2355 956 2414 autem,
977 2363 1073 2404 amors

111 2423 226 2492 ardeus,
241 2421 435 2492 confirmabat,
456 2420 533 2496 qudd
548 2422 722 2480 desiderium
736 2421 777 2478 tui
799 2421 912 2480 discidii
927 2422 998 2480 ferre
1012 2439 1070 2479 nou

110 2510 217 2574 posset,
231 2518 261 2554 se
276 2499 307 2554 iu
320 2499 451 2555 exsilium
463 2518 528 2554 esse
542 2499 656 2554 iturum.

110 2631 113 2638 ⁴
153 2575 224 2634 Quo
238 2592 292 2646 ego
304 2575 428 2645 temp'cre
442 2585 522 2629 tanta
534 2575 608 2630 mala
621 2574 824 2632 florentissimae
839 2575 952 2632 familie
966 2576 1071 2644 sedavi,

111 2651 158 2708 vel
171 2647 269 2726 potiris
282 2648 391 2704 sustuli.
433 2648 510 2704 Patri
522 2651 658 2722 persuasi,
677 2662 708 2706 ut
721 2669 758 2708 res
773 2652 897 2708 alienum
911 2651 961 2706 lilii
975 2650 1072 2706 dissol-
1087 2659 1122 2714 w

111 2740 211 2786 verer:
232 2725 386 2783 redimeret
406 2724 625 2797 adolescentem,
646 2727 756 2784 summa
771 2747 821 2802 spe
843 2739 872 2786 et
885 2726 973 2784 animi
989 2736 1018 2782 et
1031 2725 1073 2782 in·

110 2805 194 2880 genii
215 2801 375 2877 preditum,
399 2801 440 2857 rei
462 2801 606 2858 familiaris
627 2803 822 2872 facultatibus;
844 2821 964 2877 eumque
986 2822 1003 2860 a
1023 2801 1073 2858 tuf

111 2900 173 2938 nou
193 2875 279 2936 modd
294 2877 490 2949 familiaritate,
511 2880 659 2938 sedetiam
680 2881 890 2954 congressione,
903 2881 993 2954 patrio
1010 2880 1073 2954 jure

111 2970 142 3016 et
154 2966 293 3032 potestate
307 2955 477 3029 prohiberet.
518 2955 591 3012 Hrec
604 2968 635 3013 tu
649 2953 718 3014 cum
731 2975 781 3030 per
795 2973 841 3010 me
855 2967 918 3014 acts
931 2957 1074 3014 meminis·

111 3055 174 3104 ses;
196 3035 252 3092 nisi
273 3033 339 3102 illis,
359 3049 428 3104 quos
446 3031 584 3103 videmus,
604 3033 707 3108 gladiis
727 3030 896 3099 confideres,
916 3030 1074 3086 maledictis
1087 3041 1123 3092 35

112 3131 158 3168 me
171 3129 323 3186 provocare
337 3127 423 3165 ausus
436 3109 537 3164 essesl

152 3187 238 3242 xlx.
274 3187 333 3244 Sed
343 3187 402 3260 jam
418 3197 516 3260 stupra
529 3196 558 3241 et
570 3184 677 3260 flagitia
690 3185 834 3242 omittam:
856 3193 923 3240 sunt
935 3183 1074 3256 quaedam,

112 3281 179 3336 quae
193 3260 312 3318 honeste
326 3281 384 3318 non
396 3279 513 3336 possum
526 3263 639 3318 dicere:
658 3272 689 3317 tu
703 3272 797 3318 autem
812 3257 847 3316 ed
861 3259 984 3329 liberior,
998 3257 1075 3334 qudd

113 3339 196 3398 eain
210 3349 239 3393 te
253 3338 399 3408 admisisti,
412 3357 473 3412 quae
488 3357 505 3396 a
518 3338 681 3394 verecundo
701 3337 820 3394 inimico
832 3335 930 3392 audire
944 3353 1001 3392 non
1014 3355 1076 3410 pos-

113 3435 171 3473 ses.
215 3411 272 3470 Se'd
286 3414 423 3487 reliquum
436 3417 500 3472 vite
515 3433 632 3472 cursum
646 3414 755 3471 videte:
776 3429 861 3484 quern
875 3410 989 3482 quidem
1003 3413 1075 3484 cele·
1089 3421 1124 3472 4⁰

114 3493 183 3552 riter
204 3491 399 3565 perstringam.
440 3493 488 3550 Ad
509 3493 572 3548 bec
595 3490 683 3560 euim,
703 3507 766 3562 que
788 3489 818 3544 in
841 3485 916 3548 civili
937 3487 1020 3560 bello,
1044 3490 1075 3546 in
1170 3545 1172 3550 .

114 3568 247 3626 maximis
268 3567 429 3640 reipublicae
450 3568 583 3637 miseriis,
605 3566 683 3633 fecit,
705 3574 734 3620 et
755 3565 791 3620 ad
812 3583 847 3620 ea
866 3581 928 3637 que
949 3565 1074 3638 quotidie

106 3646 190 3716 facit,
220 3644 337 3704 festinat
363 3645 483 3702 animus.
523 3643 611 3712 Qum,
635 3651 710 3715 peto,
734 3651 776 3710 ut,
803 3659 963 3715 quanquam
984 3635 1074 3692 multd

113 3724 222 3786 ootima
247 3721 328 3786 vobis
352 3717 438 3798 quior
458 3720 531 3782 mihi
552 3728 628 3788 sunt,
649 3727 745 3780 emec
770 3715 815 3794 (ut
838 3715 945 3787 facitis)
968 3701 1074 3770 attente
