2542 4212
380 315 506 368 onium
523 317 545 367 1.
564 317 604 370 m
622 317 651 368 u.
672 317 880 372 esurimus
1037 368 1040 376 .
1066 327 1069 334 ⁴
1105 323 1142 386 lt

75 413 77 420 Ι
130 449 210 512 Quid
224 449 313 510 verdt
331 434 519 532 nnpen,cdm,
534 469 624 518 morte
637 461 788 536 superioris
801 463 909 534 uxoris,
927 462 1008 522 node
1021 481 1094 546 nup·
1157 515 1162 528 ,
1250 473 1254 482 ’

130 538 177 587 tus
191 529 310 588 domum
321 534 535 606 vacuefecisses,
544 551 644 594 nonne
652 539 736 596 etiem
752 539 808 595 elio
827 539 985 598 ineiedibili
1005 539 1093 598 scele-

28 611 30 614 ’
130 623 160 664 rc
174 606 229 662 hoc
242 608 335 666 scelus
344 609 513 668 cumuldstll
527 612 668 688 quod-ego
681 616 871 689 pretermitto,
882 627 911 674 et
924 617 1007 674 focile
1021 615 1092 691 peti-

129 701 161 740 or
188 683 274 755 sileri,
295 703 332 743 ne
352 687 383 743 in
403 687 459 744 hnc
480 688 594 746 civitate
608 690 679 748 tenti
700 691 834 748 facinoris
858 693 1017 749 immunitus
1044 703 1092 749 eut

129 761 279 832 exstitisse,
306 774 355 820 eut
370 782 439 820 -non
464 765 606 822 vindicate
632 775 704 835 esse,
730 767 865 822 ridentur.
907 768 1092 825 pretermisso
1123 778 1142 829 5

129 837 225 894 ruinas
240 838 417 896 fortunarum
427 850 548 912 tuarum,
562 859 743 914 quse-omnes
757 842 921 916 impendere
935 843 987 900 tibi
1001 843 1093 917 proxi-

128 914 182 970 mis
195 913 297 970 Idibus
310 916 432 972 senties:
453 917 487 972 ed
503 917 549 973 ille
563 918 654 987 venio,
665 934 728 990 quae
742 933 801 974 nou
815 917 850 974 sd
861 919 997 993 privatam
1012 919 1092 994 igno·

127 990 246 1046 minium
257 991 394 1066 *vitiorum
412 1002 532 1064 tuorum,
546 1011 605 1050 non
628 994 663 1050 ed
681 994 863 1050 domesticum
882 1005 960 1052 mam
973 995 1092 1052 difficul-

127 1075 212 1122 tutem
227 1086 261 1122 eo
275 1068 487 1142 turpitudinem,
502 1069 552 1125 sed
567 1070 602 1126 sd
616 1087 754 1126 summum
768 1071 943 1145 reipublice,
957 1083 1040 1145 utque
1055 1071 1091 1129 ed

125 1143 396 1201 omnium-nostrtlm
408 1146 494 1202 vitum
508 1145 691 1220 salutemque,
704 1147 875 1224 pertinent
1105 1157 1140 1210 10
1202 1153 1203 1158 ’

164 1218 298 1291 Potestne
311 1221 462 1296 tibihujus
477 1223 540 1279 vine
553 1223 611 1294 lux,
626 1223 760 1296 Catilina,
773 1235 822 1280 nut
835 1224 919 1300 hujus
932 1225 997 1282 coeli
1010 1225 1091 1300 spiri·

126 1305 170 1351 tus
191 1315 254 1352 esse
275 1297 429 1372 jucundus,
451 1295 521 1356 cium
542 1300 625 1371 scies,
649 1301 749 1358 honum
770 1291 833 1357 e'sse
860 1302 1017 1372 nemiuem,
1039 1302 1088 1376 qui

112 1373 244 1444 nescim,
258 1384 296 1446 te,
309 1375 399 1450 pridie
420 1375 562 1434 Gnlendns
576 1375 736 1446 Jenuuriss,
750 1377 860 1452 Lepido
880 1373 909 1435 e't
922 1377 1009 1434 Tullo
1022 1395 1090 1434 con·
1140 1426 1145 1434 .

125 1449 243 1524 selibris,
257 1453 367 1508 stetisse
388 1453 418 1509 in
442 1454 557 1510 comitio
576 1471 643 1509 eum
656 1454 736 1515 telol
756 1471 883 1524 menum,
897 1449 1046 1511 consulum
1059 1463 1089 1510 et

125 1526 287 1602 principum
297 1529 419 1586 civitatis
432 1529 692 1586 interficiendorum
706 1529 972 1603 esusd,psrsvisscl
987 1529 1087 1586 sceleri
1104 1539 1139 1590 15

125 1621 160 1658 nc
184 1602 271 1660 fisrori
291 1615 342 1686 tuo
356 1623 421 1662 non·
432 1615 557 1661 mentem
576 1605 708 1678 aliquem,
723 1615 772 1662 sut
789 1605 918 1662 timorem
932 1616 1023 1675 tuum,
1037 1605 1088 1661 sed

126 1678 267 1736 lortuusm
280 1681 445 1756 reipublice
456 1681 617 1738 obstitisset
640 1683 702 1738 ·Ac
712 1681 772 1755 jum
793 1681 841 1738 ills
857 1683 973 1739 omitto:
995 1699 1088 1755 neque

124 1755 202 1812 enirn
213 1769 282 1813 sunt
293 1769 344 1814 sut
356 1759 487 1828 muru,
498 1770 548 1813 aut
560 1775 619 1814 non
632 1758 720 1814 multa
733 1755 799 1832 pdst
811 1759 969 1817 commisse.
1008 1757 1089 1818 Quo·
1111 1777 1114 1782 ·

124 1831 180 1887 ties
193 1843 225 1886 tu
238 1851 285 1887 me
298 1833 487 1906 designatum,
500 1833 611 1904 quoties
624 1834 783 1901 consulem,
797 1835 957 1889 interficere
970 1845 1089 1890 conatus

124 1908 177 1963 eil
197 1917 265 1980 quot
278 1925 332 1981 ego
344 1918 409 1962 tues
421 1907 582 1981 petitiones,
597 1907 637 1961 ite
649 1906 793 1980 conjectes
803 1918 834 1964 ut
846 1908 926 1964 nitnri
937 1927 994 1965 non
1007 1927 1089 1984 posse
1102 1915 1140 1972 20

124 1984 297 2054 viderentur,
308 1979 393 2058 pnrvd
406 1981 529 2056 quidem
543 1981 745 2053 declinatione,
755 1993 785 2040 et
800 1982 847 2060 (ut
857 1984 950 2062 siunt)
963 2004 1088 2062 corpore,

124 2061 230 2136 effugit
278 2059 360 2116 Nihil
371 2059 442 2134 egis,
453 2057 524 2114 nihil
536 2059 700 2137 assequeris,
715 2060 787 2118 nihil
801 2061 1004 2136 moliris,-quod
1018 2064 1088 2120 mihi
1097 2102 1103 2140 3

124 2137 211 2195 intere
221 2137 313 2198 ualent
319 2137 349 2192 in
358 2147 485 2212 tempore
495 2153 608 2209 tueque
621 2147 717 2192 temen
728 2139 825 2194 conari
839 2139 952 2196 novelle
966 2141 1087 2196 desistis.

122 2213 246 2275 Quoties
261 2214 319 2290 jem
335 2213 387 2271 tibi
405 2224 513 2270 extorto
531 2213 657 2270 est'sica
676 2214 730 2270 iste
747 2214 783 2270 de
807 2216 959 2272 menibusl
979 2217 1088 2290 quoties

123 2289 189 2349 vero
211 2293 319 2348 excidit
338 2309 406 2348 casu
427 2291 529 2364 aliquo,
543 2300 572 2346 et
590 2289 685 2364 elnpse
698 2292 761 2346 estl
801 2291 914 2348 Temen
935 2293 970 2348 ed
991 2309 1088 2348 cerere
1102 2301 1138 2354 25

123 2367 232 2426 diutius
246 2388 305 2426 non
318 2378 416 2443 potes:
437 2385 499 2442 quae
521 2367 634 2462 quidem
648 2367 750 2440 quibus
764 2369 814 2424 ebs
827 2379 855 2426 te
869 2369 981 2426 initiate
1001 2367 1089 2426 saeris

123 2466 158 2504 eo
178 2448 279 2504 devote
297 2447 344 2518 sit,
363 2446 472 2517 nescio,
485 2444 563 2518 quod
584 2461 648 2508 cem
668 2461 788 2502 necesse
807 2456 889 2521 putes
912 2447 1037 2504 consulis
1057 2447 1087 2502 in

123 2543 240 2598 corpore
255 2524 388 2600 defigere.
1082 2573 1106 2606 Α,

163 2599 234 2654 vn,
266 2601 355 2668 Nune
369 2595 454 2667 nero,
467 2617 529 2670 ques
555 2609 605 2654 tua
628 2608 671 2654 est
695 2599 748 2655 ists
768 2600 844 2655 vital
866 2601 909 2657 sic
929 2601 1007 2656 enim
1029 2599 1109 2674 jnm'

122 2686 219 2734 tecum
233 2675 340 2748 loquar,
353 2691 412 2728 non
422 2684 463 2734 ¹ut
473 2675 545 2732 ¹odio
560 2682 703 2744 permotus
719 2691 783 2728 esse
795 2676 900 2742 videar,
913 2695 969 2745 quo
990 2678 1088 2746 debeo,
1103 2686 1139 2738 30

122 2755 181 2812 sed·
200 2763 233 2809 ut
252 2747 457 2818 misericordiis,
476 2765 537 2820 quae
557 2746 608 2810 tibi
629 2746 706 2802 nulla
726 2747 859 2820 debetur„
892 2749 1091 2826 Venistipau·
1175 2755 1178 2762 '

122 2832 151 2888 lo
165 2827 232 2887 ame
255 2829 285 2885 in
310 2835 447 2884 senatum.
487 2823 563 2884 Quis
585 2834 623 2894 te,
645 2842 681 2880 ex
694 2825 750 2880 hec
764 2825 843 2883 tuntd
864 2826 1031 2901 frequentid,
1053 2846 1089 2885 ex

122 2919 164 2965 tot
177 2908 233 2968 tuis
247 2905 345 2963 amicis
360 2901 585 2979 ectneoesseriis,
600 2901 749 2958 salutavitl
789 2903 821 2959 Si
838 2905 901 2974 hoc,
915 2915 977 2978 post
1000 2905 1088 2962 homi·

74 3035 80 3048 ,
123 3004 192 3041 num
207 2983 384 3052 memoriam,
392 2980 510 3054 contigit
528 2979 653 3046 nemini}
674 2980 751 3036 vocis
762 2991 910 3054 exspectes
923 2982 1087 3038 contumeli-

122 3081 178 3132 am,
203 3059 270 3118 cuni
298 3059 338 3118 sis
364 3056 530 3132 gravissimo
554 3055 663 3129 judicio
689 3057 889 3112 taciturnitatis
915 3062 1086 3132 oppressusl
1100 3070 1135 3122 35

120 3139 214 3208 Quid,
227 3135 303 3212 quod
318 3136 440 3201 adventu
453 3144 501 3190 tuo
514 3133 569 3188 ists
582 3131 714 3188 subsellia
726 3133 990 3192 vecuelectasuntl
1010 3133 1086 3208 qudd
1137 3153 1146 3168 ·

122 3235 222 3272 omnes
249 3213 420 3280 consideres,
433 3211 481 3284 qui
508 3209 559 3266 tibi
585 3227 711 3284 persaepe
739 3209 775 3265 ad
803 3212 926 3267 caedem·
940 3203 1086 3270 constituti

123 3293 249 3360 fuerunt,
270 3287 355 3345 simul
373 3297 466 3361 etque
490 3286 628 3356 essedisti,
647 3297 756 3360 partem
782 3287 864 3344 istum
888 3287 1085 3346 subselliorum
1111 3318 1113 3324 ·

122 3367 232 3426 nudem
247 3376 329 3438 utque
343 3365 457 3420 inanem
477 3363 671 3436 reliqueruntl
705 3362 780 3422 'Quo
792 3363 911 3420 tendem‘
921 3365 1016 3422 animo
1030 3367 1085 3423 hoc

121 3445 176 3503 tibi
204 3441 353 3498 ferendum
378 3441 480 3512 putasl
522 3439 601 3496 Servi
617 3438 806 3514 (mehercule)
832 3439 888 3494 mei
913 3440 1006 3514 sime
1032 3442 1085 3512 isto
1099 3451 1134 3506 40

122 3531 207 3598 pacto
230 3524 400 3585 metuerent,
421 3524 453 3568 ut
474 3523 502 3568 te
524 3525 654 3590 metuunt
674 3533 774 3586 omnes
801 3515 877 3571 cives
899 3517 950 3588 tui,
970 3519 1084 3575 domum

122 3615 217 3655 meam
230 3591 444 3669 relinquendam
458 3599 602 3664 putorem:
622 3600 653 3645 tu
671 3591 723 3646 tibi
738 3591 836 3648 urbem
849 3610 906 3648 non
922 3593 1084 3650 arbitrarisl

123 3674 171 3747 Et,
185 3675 210 3732 si
223 3691 270 3730 me
283 3671 355 3728 meis
367 3668 477 3726 civibus
493 3665 600 3741 injurii
612 3677 775 3741 suspectum
783 3679 846 3725 'tum
865 3669 986 3742 graviter
1001 3679 1084 3753 etque

123 3751 264 3810 offensum
271 3749 415 3816 niderem3
429 3763 526 3802 cerere
539 3761 585 3801 me
600 3744 735 3820 adspectu
745 3745 859 3818 civium,
873 3741 960 3819 qudru
973 3743 1084 3800 infectu
