2542 4212
366 279 498 412 omno*
512 323 547 370 ιι.
560 323 600 370 ut
618 323 648 370 u.
664 323 870 374 csmmrtsar.

138 458 220 516 moso
233 479 255 542 q
264 445 436 538 ulutatus
449 461 591 519 mribus
604 463 671 519 buu
690 481 725 520 ss
744 465 845 520 nesus
866 463 1025 538 pesonam
1046 464 1095 520 re-

135 537 262 612 pellatur.
303 531 420 612 Dicatur
434 537 502 594 sane
518 539 628 612 ejectus
641 557 702 594 esse
717 557 734 596 a
747 557 803 609 mc,
817 541 969 596 dummodo
991 551 1037 596 eat
1061 539 1093 596 iu

134 613 265 667 exsilium
273 631 286 667 t·
297 614 365 682 sed,
378 615 448 669 mihi
474 616 592 683 credite,
607 627 720 672 nonest
735 616 832 671 iturus.
872 615 1024 688 Nunquam
1039 633 1093 690 ego

136 705 153 744 a
177 682 242 743 Diis
254 688 459 745 immortalibus
473 691 584 762 optabo,
602 690 742 759 Quirites,
756 691 869 746 invidiae
882 709 953 746 meas
967 691 1091 747 lerandre

135 765 230 834 causi,
245 776 276 820 ut
291 759 323 819 L.
337 765 492 821 Catilinam
516 765 620 821 ducere
643 767 802 820 exercitum
821 765 953 834 hostium,
966 777 1048 838 atque
1062 768 1091 822 iu
1124 773 1143 824 5

16 889 18 902 ἱ
135 841 219 895 armis
232 840 357 908 vol-itare,
369 841 505 895 audiatis:
519 842 569 928 apd
583 841 676 896 triduo
689 852 783 927 tamen
798 841 936 896 audietis:
951 838 1093 934 multdqpe

134 916 484 1062 ltttzltlfltfflt’tl:
496 917 580 1063 ,til
594 915 823 1064 {tollitis
841 916 1092 1061 ‘'ttltzlltl

133 1068 270 1133 homines,
284 1067 331 1137 qui
347 1065 434 1134 illum,
449 1083 514 1121 cum
535 1067 676 1138 profectus
697 1067 743 1136 sit,
756 1067 878 1140 ejectum
900 1087 962 1123 esse
984 1068 1090 1138 dicant,

132 1143 227 1210 iidem,
239 1141 263 1196 si
278 1139 441 1196 interfectus
453 1143 616 1214 esset,'quid
631 1143 780 1198 dicerentl
1104 1149 1139 1202 1⁰

152 1218 340 1289 ‘Quanquam
355 1216 411 1284 isti,
421 1217 469 1288 qui
480 1217 633 1272 Catilinam
648 1217 804 1274 Massiliam
819 1220 859 1275 irs
879 1221 1019 1290 dictitant,
1031 1237 1089 1276 non

131 1305 187 1350 tam
202 1295 256 1348 hoc
269 1304 433 1364 queruntur,
448 1290 532 1363 qudm
547 1303 685 1348 verentur.
726 1291 821 1350 Nemo
833 1307 877 1351 est
892 1296 1007 1352 istorum
1029 1306 1086 1351 tam

130 1370 298 1438 misericors,
311 1368 360 1442 qui
374 1367 451 1422 illum
466 1385 523 1422 uon
534 1367 568 1422 ad
580 1365 731 1436 Manlium,
741 1366 825 1440 qudm
838 1371 872 1425 ad
884 1369 1086 1441 Massilienses,

131 1446 171 1501 ire
192 1445 279 1500 malit.
320 1443 372 1498 Ille
393 1453 497 1511 autem,
511 1444 534 1498 si
550 1441 742 1517 (mehercule)
758 1445 821 1514 boc,
835 1447 908 1518 quod
928 1447 994 1520 agit,
1017 1465 1088 1502 nun·

130 1539 214 1594 quum
228 1519 294 1576 ante
308 1519 469 1591 cogitisset,
477 1531 572 1573 tamen
580 1518 794 1574 latrocinantem
805 1538 836 1574 se
847 1521 967 1576 interfici
981 1522 1087 1591 mallet,
1103 1527 1137 1578 1⁵

129 1593 216 1668 quim
227 1595 351 1651 exsulem
362 1594 463 1648 vivere.
497 1591 585 1648 Nunc
597 1588 674 1660 rerd,
685 1589 752 1648 ciam
762 1594 789 1648 ei
800 1595 871 1648 nibil
882 1596 975 1650 adhuc
986 1607 1087 1668 preter

129 1671 219 1746 ipsius
235 1671 404 1727 voluntatem
419 1669 673 1742 cogitationemque
687 1669 831 1737 acciderit,
846 1669 900 1725 nisi
920 1667 995 1742 qudd
1017 1671 1086 1727 rivis

128 1748 209 1804 nobis
221 1747 317 1805 Romi
327 1746 467 1821 profectus
476 1756 535 1813 ast3
555 1755 684 1818 optemus
693 1741 795 1818 potiris,
806 1756 838 1800 ut
848 1756 893 1801 eat
904 1745 934 1802 iu
944 1746 1085 1818 exsilium,
1158 1787 1171 1806 .
1187 1777 1202 1805 r
1213 1783 1228 1803 .

128 1821 213 1895 quim
226 1841 384 1895 queramur.
1143 1828 1185 1901 J,
1199 1872 1211 1885 ,

168 1897 252 1952 VlIl.
294 1897 351 1952 Sed
365 1914 417 1951 our
430 1899 537 1952 tamdiu
550 1899 587 1953 de
606 1915 665 1953 uno
684 1898 764 1954 hoste
784 1898 934 1973 loquimur,
947 1911 976 1956 et
995 1900 1030 1955 de
1050 1918 1086 1958 so
1099 1904 1136 1957 2⁰
1180 1891 1254 1969 Μ

128 1976 220 2043 hoste,
234 1973 281 2046 qui
292 1973 351 2046 jam
366 1973 467 2028 fatetur
487 1992 518 2028 se
531 1992 594 2029 esse
614 1975 739 2042 hostem;
760 1986 788 2030 et
807 1993 901 2048 quem,
916 1977 982 2048 quia
997 1974 1084 2050 (quod
1164 2002 1169 2023 ι
1258 1975 1259 1982 '

126 2068 236 2182 ἔπηξεν
250 2049 346 2181 vilia
353 2049 589 2182 murusnipptlerept,
605 2069 662 2138 nou
677 2049 778 2182 tirlpem
793 2052 829 2107 de
844 2052 898 2184 hist,
911 2051 1086 2184 quihtpiapim·

125 2145 216 2258 mill
228 2145 296 2276 iiis
316 2143 555 2275 ,ultast
569 2145 810 2259 tltlttttl
831 2146 939 2276 iiii?
942 2148 1007 2260 ¹112„
1027 2147 1084 2258 ii

125 2279 226 2334 ulcisci
246 2279 355 2346 studeo,
369 2275 453 2350 quim
480 2295 589 2348 sanare,
609 2289 638 2333 et
665 2280 739 2352 ipsos
766 2275 878 2352 plicare
904 2279 1083 2352 reipublice:
1097 2283 1134 2336 ἰῶ

125 2349 1082 2503 ffttlttttitl”ttrttl‘tttttl&titillllllt

124 2505 185 2559 istae
199 2497 287 2577 oo'pite
300 2522 364 2560 com
414 2475 513 2560 exitur:
534 2475 638 2560 deiride
652 2505 772 2578 singulis
785 2506 957 2561 medicinam
971 2505 1082 2560 consilii

125 2589 208 2650 atque
220 2579 354 2634 orationis
362 2515 448 2648 me,
462 2581 486 2633 si
500 2597 583 2649 quarn
597 2591 702 2650 potero,
716 2581 839 2634 afferam.

164 2653 260 2708 Unum
275 2669 366 2724 genus
377 2663 421 2718 est
433 2669 540 2715 eorum,
554 2653 613 2719 qui,
623 2667 727 2722 magno
740 2655 770 2706 in
784 2671 838 2706 rere
852 2656 954 2722 alieno,
962 2656 1081 2726 majores
1095 2661 1132 2714 30

122 2731 209 2788 mam
225 2724 418 2801 possessiones
440 2723 559 2788 babent;
580 2740 697 2794 quarum
717 2741 811 2778 umore
831 2726 956 2794 adducti,
970 2728 1082 2784 dissolvi

122 2806 202 2862 nullo
215 2803 298 2858 modo
310 2807 433 2874 possunt.
468 2797 578 2854 Horum
593 2797 737 2854 hominurn
748 2799 858 2872 species
867 2811 912 2856 est
923 2802 1084 2860 honestissi-

60 2867 63 2874 Δ
122 2899 170 2939 ma
186 2879 266 2954 (sunt
274 2877 350 2934 eninr
361 2873 539 3005 locupletesp,
550 2873 676 2930 voluntas
687 2871 752 2931 verb
763 2886 792 2930 et
801 2893 888 2932 causa
899 2877 1081 2952 impudentis·

122 2958 201 3014 sima.
242 2954 291 3011 Tu
305 2953 389 3027 agris,
403 2961 433 3006 tu
448 2951 502 3006 aedi
523 2951 585 3020 ciis,
600 2960 631 3006 tu
644 2961 769 3025 argento,
780 2962 811 3008 tu
825 2952 941 3022 familia,
951 2964 983 3008 tu
996 2955 1080 3011 rebus

121 3033 253 3090 omnibus
267 3039 383 3086 ornatus
396 3038 425 3083 et
445 3027 575 3100 copiosus
594 3026 648 3092 sis;
669 3037 698 3082 et
718 3027 829 3082 dubites
849 3029 885 3082 de
905 3030 1079 3100 possessione
1093 3039 1130 3093 35

121 3109 277 3176 detrahere,
294 3105 439 3177 acquirere
460 3103 496 3157 ad
516 3101 632 3162 lideml.
653 3100 734 3160 Quid
748 3102 825 3156 enim
838 3105 1004 3175 exspectasl
1025 3105 1080 3160 bel-

120 3184 201 3240 luml
220 3183 308 3255 quidl
328 3199 405 3254 ergo,
427 3179 456 3235 iu
477 3177 630 3233 vastatione
649 3177 786 3246 omnium,
807 3188 870 3234 tuas
890 3179 1080 3252 possessiones

122 3269 317 3314 sacrosanctas
337 3256 443 3311 futuras
464 3255 565 3327 putss'l
586 3255 633 3309 An
654 3253 762 3310 tabulas
782 3255 888 3310 novasl
908 3265 1011 3324 errant,
1030 3257 1078 3329 qui

122 3335 193 3390 istas
206 3351 223 3386 a
235 3331 359 3386 Catilina
372 3340 544 3404 exspectant.
585 3328 653 3385 Meo
666 3327 805 3386 beneficio
817 3329 919 3386 tabule
933 3349 1079 3405 uovaepro-

122 3403 371 3474 ferentur,.veri1m
385 3405 579 3460 auctionaris:
600 3423 693 3477 neque
706 3405 783 3460 enim
797 3403 854 3471 isti,
866 3405 913 3475 qui
926 3408 1078 3478 possessio·
1091 3418 1127 3470 4⁰

121 3505 173 3544 nes
195 3482 309 3549 habent,
329 3478 384 3534 alit
404 3480 511 3533 ratione
531 3481 588 3534 ulla
608 3479 677 3535 salvi
697 3497 760 3536 ease
779 3490 903 3551 possunt.
942 3479 1032 3541 Quod
1053 3484 1078 3538 si

120 3555 260 3620 maturius
271 3557 364 3612 facere
378 3552 541 3621 voluissent,
552 3573 644 3625 neque
658 3553 712 3626 (id,
726 3555 799 3626 quod
814 3555 1006 3613 stultissimum
1020 3558 1076 3632 est)

121 3646 229 3694 certare
244 3651 309 3689 cum
328 3630 422 3687 usuris
443 3627 581 3684 fructibus
601 3629 782 3703 praediorum3
803 3641 832 3687 et
851 3631 1079 3705 locupletioribus

118 3707 166 3774 iris
185 3704 217 3772 et'
233 3709 395 3768 melioribus
421 3705 532 3764 civibus
558 3716 706 3768 uteremur.
754 3707 812 3767 Sed
838 3708 923 3768 hosce
949 3705 1079 3763 homines

115 3891 134 3942 ἕ.
155 3893 159 3903 r
