2542 4212
127 365 166 424 82
387 357 512 410 ORATIO
529 357 577 408 lll.
596 356 636 406 IN
655 356 684 406 L.
700 355 905 406 CATILINAM.

177 501 221 558 tis.
262 499 337 556 Illud
350 497 416 556 verb
430 518 526 556 nonne
541 499 579 556 ita
593 515 715 572 presens
733 507 785 567 est,
799 506 831 552 ut
844 504 915 550 nutu
929 490 1008 550 Joris
1021 489 1128 566 Optimi

178 574 297 632 Maximi
318 577 427 638 sactum,
445 594 507 632 esse
528 575 718 644 videatur,·ut,
732 570 810 642 cirm,
824 571 961 628 hodierno
973 569 1020 624 die
1034 566 1129 640 mand,

176 671 227 726 per
242 653 331 708 sorum
344 670 408 708 meo
418 653 498 725 jussu
512 662 540 706 et
554 649 702 724 conjurati,
716 659 744 705 et
757 665 854 704 eorum
867 646 987 715 indices,
996 645 1026 700 in
1040 645 1129 701 {edem

179 729 346 784 Concordiae
361 729 541 795 ducerentur,
555 745 590 782 eo
604 727 664 799 ipso
676 735 801 798 tempore
815 724 928 796 signum
942 723 1129 808 statuereturl

143 813 161 865 5
178 823 233 877 quo
256 804 399 873 collocato,
414 815 495 876 atque
506 803 541 858 ad
561 820 609 856 voe
630 811 815 873 senatumque
828 816 972 867 converso,
985 815 1081 853 omma
1101 808 1130 854 et

178 891 303 949 senatus,
317 891 346 934 et
361 898 417 947 vos,
432 897 493 951 quae
507 888 588 932 erant
608 888 706 932 contra
719 877 837 932 salutem
850 874 979 937 omniurn
999 875 1129 948 cogitata,

179 956 316 1012 illustrata
329 965 358 1010 et
369 955 510 1028 patefacta
523 953 641 1014 vidistis.

216 1030 285 1090 Quo
308 1030 392 1086 etiam
415 1030 518 1103 majore
537 1039 604 1084 sunt
623 1028 669 1083 isti
689 1028 756 1092 odio
769 1026 960 1102 supplicioque
980 1027 1069 1102 digni,
1082 1027 1129 1101 qui

178 1125 236 1164 non
250 1103 341 1163 soldm
359 1107 457 1162 restris
477 1101 628 1178 domiciliis
641 1115 723 1177 atque
736 1105 828 1174 tectis,
843 1105 892 1160 sed
906 1105 992 1160 etiam
1005 1103 1129 1160 Deorum

131 1193 164 1244 10
178 1184 290 1256 templis
303 1193 386 1256 atque
399 1183 531 1250 delubris,
546 1192 612 1237 sunt
626 1181 752 1238 funestos
764 1200 798 1236 ac
813 1181 934 1237 nefarios
950 1181 1031 1256 ignes
1046 1180 1132 1238 inser·

179 1278 210 1316 re
223 1259 334 1314 conati:
355 1259 457 1331 quibus
470 1257 562 1332 ego'si
576 1275 622 1312 me
642 1257 778 1314 restitisse
799 1257 902 1328 dicam,
919 1257 1039 1314 nimium
1060 1258 1136 1314 mihi'

179 1354 298 1404 sumam,
312 1347 340 1390 et
353 1354 410 1390 non
431 1335 484 1390 sim
506 1333 654 1390 ferendus:
675 1333 732 1404 ille,
747 1333 793 1390 ille
812 1333 925 1408 Jupiter
944 1333 1063 1390 restitit:
1084 1334 1131 1391 ille

180 1411 359 1486 Capitolium,
374 1411 420 1467 ille
435 1411 496 1466 hrec
509 1410 622 1484 templa,
637 1409 683 1466 ille
699 1411 773 1466 hanc
786 1411 894 1480 urbem,
909 1411 954 1466 ille
967 1429 1015 1467 vos
1033 1429 1130 1466 omnes

179 1488 268 1544 salvos
277 1487 440 1545 essevoluit.
476 1487 539 1545 Diis
552 1505 605 1560 ego
619 1487 819 1544 immortalibus
833 1487 953 1543 ducibus
966 1488 1040 1544 banc
1054 1505 1132 1542 men·

131 1573 164 1624 15
179 1575 245 1634 tem,
264 1563 402 1635 Quirites,
423 1565 653 1636 voluntatemque.
668 1565 790 1638 suscepi,
812 1575 893 1638 atque
915 1565 950 1620 ad
971 1565 1033 1620 hoec
1054 1575 1132 1622 tanta

179 1641 285 1696 indicia
296 1641 417 1714 perveni.
458 1639 522 1695 Jam
536 1637 602 1694 verd
616 1641 662 1694 illa
676 1641 860 1714 Allobrogum
873 1641 1042 1709 sollicitatio,
1060 1641 1102 1698 sic
1115 1659 1132 1696 a

178 1715 300 1771 Lentulo
321 1716 484 1788 caeterisque
503 1715 662 1770 domesticis
682 1715 819 1784 hostibus,
839 1725 916 1770 tanta
936 1733 990 1784 res,
1013 1724 1071 1770 tam
1085 1718 1132 1772 de-

178 1803 286 1848 menter
307 1791 414 1848 credite
433 1803 462 1848 et
482 1791 586 1866 ignotis
606 1801 635 1847 et
655 1791 790 1862 barbaris,
812 1791 1022 1866 commissaeque
1043 1792 1132 1848 literae

178 1885 322 1944 nunquam
330 1879 424 1926 essent
436 1865 572 1943 profecti),
580 1868 635 1924 nisi
646 1887 662 1924 a
673 1863 742 1924 Diis'
749 1868 951 1926 immortalibus
965 1869 1033 1926 huic
1045 1879 1130 1926 tante

128 1947 303 2005 mandacio
324 1946 471 2001 consilium
489 1955 563 2000 esset
583 1956 717 2018 ereptum.
757 1944 837 2004 Quid
849 1943 937 2000 verbi
957 1956 989 2000 ut
1003 1946 1131 2001 homines

85 2017 88 2022 ’
177 2021 262 2086 Galli,
276 2039 311 2074 ex
322 2021 432 2074 ciuitate
447 2016 520 2073 male
535 2021 644 2091 pacati,
660 2019 735 2092 (quae
745 2037 816 2092 gens
829 2038 886 2076 una
901 2031 995 2090 restat,
1009 2039 1070 2094 quae
1084 2039 1135 2095 po-

177 2095 252 2169 pulo.
269 2095 400 2150 Romano
421 2094 526 2150 bellum
547 2093 640 2150 facere
653 2105 681 2150 et
695 2113 775 2169 posse
789 2105 818 2151 et
831 2113 887 2152 non
902 2096 976 2152 nolle
989 2098 1130 2174 videatur)

177 2190 256 2246 spem
270 2171 379 2246 imperii
400 2181 429 2228 et
448 2189 542 2226 rerum
562 2171 795 2244 amplissimarum
816 2172 888 2228 ultro
901 2173 955 2230 sibi
977 2175 1132 2248 epatriciis

178 2248 338 2305 hominibus
350 2249 470 2304 oblatam
486 2248 670 2322 negligerent,
683 2259 858 2323 vestrumque
871 2249 990 2307 salutem
1003 2253 1062 2308 suis
1073 2253 1133 2326 opi·

128 2334 163 2386 25
178 2325 230 2380 bus
241 2335 454 2398 anteponerent;
475 2325 504 2380 id
515 2343 573 2380 non
585 2325 720 2382 divinitus
733 2325 838 2381 sactum
851 2345 913 2382 esse
923 2329 1043 2402 putatisl
1060 2325 1132 2403 'pre-

178 2401 273 2520 sertirp
286 2401 334 2473 qui
347 2419 408 2470 nos,
422 2419 479 2456 non
498 2393 658 2475 pugnand0,
671 2402 723 2458 sed
743 2403 872 2472 tacendo,
886 2422 1018 2476 superare
1031 2417 1133 2478 potue·

117 2525 120 2534 ,
177 2489 260 2534 runt.

214 2553 253 2610 X.
287 2553 490 2624 Quamobrem,
510 2555 649 2626 Quirites,
663 2555 794 2628 quoniam
815 2557 851 2612 ad
863 2557 958 2613 omnia
969 2557 1133 2632 'pulvinaris

177 2631 342 2706 supplicatio
360 2632 538 2701 decretaest,
552 2631 719 2688 celebratote
734 2632 795 2689 illos
809 2633 869 2688 dies
883 2652 948 2690 cum
966 2634 1133 2709 conjugibus

127 2717 162 2772 30
178 2727 211 2764 ac
223 2709 318 2766 liberis
329 2709 434 2765 vestris.
462 2707 538 2764 Nam
552 2708 631 2764 multi
642 2727 716 2782 sepe
728 2710 846 2766 honores
857 2709 920 2766 Diis
931 2711 1134 2767 immortalibus

138 2803 141 2810 ’
179 2785 242 2840 'usti
257 2786 344 2840 habiti
366 2794 431 2867 sunt
453 2802 486 2838 ac
507 2785 603 2850 debiti,
618 2785 667 2837 sed
683 2782 808 2866 profectd
826 2785 959 2856 justiores
979 2805 1132 2862 nunquam.

174 2805 274 2932 direpti
294 2845 425 2927 enimg'eli
436 2857 631 2911 crudelissimo
644 2875 678 2912 ac
691 2857 988 2934 miserrimo'interitu,
1002 2875 1031 2918 et
1044 2865 1133 2937 erepti

177 2935 238 2990 sine
252 2934 340 3002 caede,
355 2932 418 2987 sine
431 2932 580 3004 sanguine,
591 2932 653 2989 sine
664 2933 799 3002 exercitu,
813 2933 874 2988 sine
889 2935 1079 3008 dimicatione,
1094 2950 1135 2996 to·

176 3009 243 3085 goti,
257 3028 303 3065 me
313 3027 374 3078 ,uno
388 3018 483 3082 togato
497 3007 570 3062 duce
584 3017 612 3062 et
625 3007 800 3080 imperatore,
814 3009 928 3068 vicistis.
963 3011 1077 3071 Etenim
1090 3036 1136 3074 re-

84 3133 86 3141 ,
126 3085 162 3138 35
177 3086 342 3155 condamini,
355 3083 494 3152 Quirites,
504 3103 601 3140 omnes
615 3084 716 3141 civiles
724 3085 923 3157 dissensiones,
934 3107 1026 3162 neque
1041 3090 1133 3150 soldm

176 3182 224 3220 eas
234 3181 302 3234 quas
316 3158 443 3227 audistis,
455 3160 504 3214 sed
515 3170 543 3214 et
556 3161 606 3214 hes
619 3179 688 3232 ques
702 3173 807 3234 vosmet
816 3163 868 3236 ipsi
880 3165 1047 3223 meministis
1056 3178 1085 3222 et
1095 3171 1136 3225 vi·

176 3239 263 3294 distis.
305 3235 337 3290 L.
352 3234 431 3289 Sulla
445 3233 475 3289 P.
491 3235 648 3308 Srdpicium
668 3238 824 3310 oppressit;
846 3257 881 3295 ex
901 3241 970 3296 urbe
991 3241 1075 3315 ejecit
1097 3245 1133 3302 C.

176 3313 309 3382 Marium,
320 3311 465 3368 custodem
479 3310 561 3384 hujus
574 3311 665 3380 urbis;
686 3313 841 3387 multosque
852 3316 937 3372 fortes
947 3318 1019 3374 viros
1031 3322 1133 3394 partim

176 3389 259 3462 ejecit
271 3408 307 3458 ex
319 3387 440 3458 civitate,
451 3388 550 3462 partim
565 3387 712 3464 interemit.
747 3390 801 3446 Cn.
813 3390 958 3463 Octavius,
969 3397 1076 3467 consul,
1090 3417 1134 3454 ar·
1155 3455 1160 3464 ,

126 3474 162 3528 4ο
176 3467 229 3522 mis
242 3483 278 3522 ert
292 3464 368 3521 Urbe
381 3465 515 3539 collegam
529 3473 611 3520 suum
626 3467 747 3540 expulit:
767 3469 858 3524 omnis
872 3469 919 3536 hic
931 3470 1010 3527 locus
1024 3475 1132 3532 acervis

176 3557 322 3617 corporum
342 3551 371 3597 et
390 3541 493 3596 civium
511 3542 649 3615 sanguine
662 3543 835 3600 redundavit.
876 3545 1133 3622 Superaviepom

160 3619 272 3676 'Cinna
285 3635 351 3674 curn
366 3615 465 3672 Mario.
505 3617 583 3672 Tum
603 3615 679 3688 verb,
697 3619 858 3676 clarissimis
879 3619 945 3678 viris
965 3615 1131 3698 interieritis,

176 3694 284 3752 lumina
309 3692 429 3748 civitatis
450 3692 589 3748 exstincta
616 3705 690 3752 sunt.
740 3693 822 3752 Ultus
841 3706 883 3752 est
903 3697 986 3772 hujus
1001 3699 1136 3758 'victorie

178 3769 372 3828 crudelitatem
384 3775 480 3843 postea
493 3765 572 3824 Sulla
579 3787 587 3835 3
607 3786 663 3826 nec
676 3770 736 3845 dici.
746 3771 860 3843 quidem
873 3791 944 3848 opus
957 3786 1009 3846 est,
1023 3777 1162 3849 quantur

990 4039 1057 4087 Ἡ*
1117 4047 1140 4068 ¹,
