2516 4204
138 309 195 366 1³6
439 302 574 350 onemo
590 302 628 350 m
644 303 682 350 rr.
698 302 900 352 amomum.

185 455 314 513 oneraret
335 443 443 500 alienis.
481 442 559 502 Quis
581 443 659 498 enim
679 459 774 498 meum
795 441 825 496 in
847 441 928 497 istius
946 439 1127 514 gloriosissimi
1223 459 1224 466 ³

185 522 250 578 lecti
271 520 448 578 conscientie
470 537 574 582 nomeu
599 519 726 574 audititi
747 517 828 592 cujus
852 529 959 586 autem,
981 516 1082 589 quiin
1096 533 1126 574 ee
1224 516 1225 548 ³

184 616 301 666 numero
319 598 426 667 diisset,
445 615 549 652 rromen
566 607 609 652 est
624 595 816 652 occultatuml
850 593 1033 650 Occultatum
1052 593 1129 648 dicol

184 675 266 748 cujus
286 693 344 732 non
365 675 457 731 statim
476 673 669 746 divulgatuml
703 668 798 727 Citiirs
819 671 946 740 dixerim,
966 669 1088 744 jactisse
1104 687 1130 723 se

150 760 169 812 5
185 750 302 824 aliquos,
322 761 353 807 ut
367 751 455 808 fuisse
474 751 503 806 in
519 749 571 806 isit
592 750 729 806 societate
743 748 912 816 viderentur,
932 747 980 820 qui
993 746 1066 802 socii
1079 763 1130 802 non

185 827 312 897 fuissent,
326 825 410 900 qudrn
424 839 455 882 ut
468 827 614 899 quisquam
628 827 713 882 celari
727 824 818 893 vellet,
832 825 880 897 qui
895 825 999 880 luisset.

223 902 320 961 Qutm
336 902 487 958 verisimile
503 899 587 973 porrd
603 913 655 970 est,
671 903 702 957 in
723 912 763 958 tot
779 901 951 972 hominibus,
968 901 1073 974 partim
1090 899 1133 955 ob·

184 977 284 1047 scuris,
297 978 398 1050 partim
412 977 641 1040 adolescentibus
652 977 796 1032 neminem
810 978 1030 1047 occultantibus,
1044 993 1132 1032 meum

184 1071 288 1110 nomen
301 1053 388 1110 latere
405 1053 552 1128 potuissel
584 1053 709 1124 Etenim,
727 1054 752 1108 si
766 1063 897 1109 auctores
908 1054 945 1109 ad
962 1053 1132 1110 liberandam

136 1138 170 1192 10
185 1131 302 1204 patriam
323 1132 548 1188 desiderarentur
562 1131 617 1186 illis
637 1131 810 1200 auctoribus,
822 1129 924 1187 Brutos
943 1149 1001 1203 ego
1013 1129 1134 1202 impelle-

185 1225 256 1275 rem,
275 1225 393 1278 quorum
413 1218 528 1277 uterque
546 1205 579 1260 L.
600 1205 681 1260 Bruti
699 1207 851 1278 imaginem
872 1207 998 1278 quotidie
1020 1207 1135 1274 videret,

184 1281 253 1334 alter
272 1281 356 1335 etiam
378 1280 497 1335 Ahalael
537 1279 592 1335 His
616 1281 701 1353 igitur
723 1281 874 1354 majoribus
895 1283 961 1351 orti,
980 1283 1017 1337 ab
1039 1282 1135 1339 alienis

182 1353 274 1428 posits
300 1355 450 1412 consilium
473 1364 613 1430 peterent,
635 1355 720 1429 quim
747 1358 863 1414 asuisl
889 1367 923 1416 et
941 1359 1011 1414 ioris·
1034 1357 1135 1432 potiris,

182 1428 267 1503 quim
280 1431 386 1488 domos
417 1433 523 1492 Quidl
557 1433 591 1488 C.
607 1433 737 1504 Cassius,
747 1433 778 1490 in
793 1435 829 1490 ei
847 1434 954 1491 familiis
968 1446 1062 1506 natus,
1075 1453 1135 1508 quar

134 1517 168 1570 15
184 1526 240 1564 non
253 1505 338 1566 modd
353 1509 538 1580 dominatum,
552 1511 601 1566 sed
616 1529 653 1566 ne
667 1512 820 1584 potentiam
831 1512 956 1584 quidem,
969 1511 1137 1584 cujusquam

184 1584 254 1642 serre
274 1585 374 1658 potuit,
396 1604 441 1642 me
461 1598 607 1642 auctorem
627 1585 741 1661 (credo)
766 1587 948 1644 desiderarit:
969 1587 1026 1656 qui,
1048 1588 1137 1642 etiam

182 1662 244 1716 sine
269 1662 313 1716 his
336 1661 498 1718 clarissimis
517 1663 591 1731 viris,
613 1663 687 1717 hanc
708 1681 765 1718 rem
788 1663 817 1716 in
841 1661 951 1728 Cilicii,
972 1661 1006 1714 ad
1028 1663 1138 1716 ostium

183 1736 308 1794 fluminis
322 1738 416 1812 Cydni
432 1739 613 1807 confecisset,
633 1739 658 1794 si
673 1739 720 1794 ille
732 1739 767 1794 ad
781 1754 843 1793 eam
856 1735 954 1808 ripam,
967 1753 1050 1807 quarn
1066 1753 1140 1791 con-

184 1815 322 1885 stituerat,
339 1825 396 1872 non
411 1815 446 1872 ad
467 1815 646 1883 contrariam,
661 1833 746 1872 naves
767 1813 925 1887 apprdisset.
965 1811 1020 1866 Cn.
1035 1809 1140 1868 Domi·
1229 1824 1230 1878 t

132 1898 169 1951 20
184 1893 256 1948 tium
269 1912 328 1948 non
341 1893 429 1966 patris
443 1892 583 1960 interitus,
597 1892 747 1948 clarissimi
758 1891 823 1958 viri,
833 1907 891 1945 non
906 1887 1037 1944 avunculi
1051 1906 1137 1959 mors,
1229 1899 1230 1956 l

184 1986 241 2022 noo
263 1969 390 2038 spoliatio
411 1968 566 2036 dignitatis,
585 1967 621 2020 ad
644 1967 868 2036 recuperandam
890 1964 1061 2034 libertatem,
1086 1967 1136 2020 sed

182 2059 248 2094 mea
267 2042 428 2106 auctoritas,
447 2041 600 2093 excitavit?
634 2040 681 2092 An
701 2039 735 2092 C.
753 2039 899 2094 Trebonio
915 2057 972 2112 ego
990 2042 1160 2120 persuasilq

182 2115 229 2170 cui
243 2114 417 2198 nefsuadere
431 2111 545 2184 quidem
567 2130 653 2168 ausus
667 2131 768 2168 essem.
808 2113 878 2172 Quo
895 2115 981 2172 etiarn
999 2103 1136 2191 maffeio
1147 2124 1159 2140 ''

182 2190 210 2246 ei
223 2190 384 2264 respublica
398 2189 517 2264 gratiam
532 2189 626 2258 debet,
644 2189 692 2261 qui
712 2189 871 2246 libertatem
891 2193 986 2265 populi
1008 2193 1137 2251 Romani

131 2275 167 2330 25
183 2269 270 2324 unius
294 2267 426 2323 amicitie
453 2266 612 2340 preposuit,
635 2266 824 2339 depulsorque
851 2267 1022 2339 dominatus,
1050 2271 1136 2344 quim

181 2344 331 2416 particeps,
345 2360 407 2396 esse
421 2342 527 2396 maluit.
568 2343 616 2396 Aa
631 2341 665 2394 L.
681 2342 786 2398 Tillius
800 2343 918 2398 Cimber
926 2362 972 2400 me
986 2356 1028 2400 est
1043 2359 1138 2404 aucto-

181 2435 242 2473 rem
255 2417 388 2470 secutus?
408 2433 491 2486 quem
506 2434 562 2488 ego
580 2415 672 2486 magis
686 2415 786 2470 secisse
800 2417 878 2470 illem
897 2436 1033 2474 renisum
1049 2425 1138 2479 admi-

181 2502 268 2561 ratus,
290 2489 375 2565 qudm
401 2490 541 2546 facturum
566 2490 671 2563 putavi.
711 2490 876 2546 Admiratus
896 2505 1074 2550 sumentem
1101 2501 1139 2556 ob

182 2588 244 2627 eam
262 2587 389 2638 causam,
406 2564 481 2641 qudd
503 2567 649 2624 immemor
667 2566 881 2638 beneficiorum,
902 2586 1011 2626 memor
1026 2576 1139 2646 patriae;

131 2657 167 2711 m
183 2647 289 2704 luisset.
328 2646 410 2708 Quid
423 2646 494 2702 duos
508 2645 650 2716 Servilios,
669 2644 776 2705 Caecus
790 2645 894 2715 dicam,
909 2665 947 2702 an
961 2648 1086 2704 Ahalas?
1107 2663 1139 2708 et

183 2727 236 2783 hos
255 2726 421 2782 auctoritate
440 2723 505 2778 meai
518 2743 619 2778 censes
639 2723 776 2779 excitatos
790 2721 895 2796 potiris,
916 2722 1000 2796 qudm
1019 2725 1138 2782 caritate

182 2803 367 2874 reipublicael
401 2799 530 2866 Longum
552 2809 594 2850 est
607 2799 737 2868 persequi
751 2809 884 2853 caeteros:
905 2801 990 2872 idque
1004 2801 1138 2876 reipubli-

181 2893 223 2930 ω
236 2873 411 2942 praeclarum,
426 2869 511 2920 luisse
525 2879 581 2920 tam
595 2870 697 2923 multos
705 2888 715 2933 ;
735 2869 804 2940 ipsis
815 2870 976 2941 gloriosum.

220 2943 291 3000 XII.
325 2945 374 3013 At,
388 2941 623 3014 quemadmodum
639 2961 685 2996 me
698 2946 857 3016 coarguerit
871 2947 956 3004 homo
968 2964 1079 3025 acutus,
1093 2975 1138 3012 re.

131 3035 167 3088 35
181 3021 346 3080 cordamini.
386 3023 403 3047 ‘¹
417 3018 529 3074 Caesare
542 3018 717 3089 interfecto‚'’
734 3020 833 3092 inquit,
848 3026 865 3052 ‘⁴
875 3023 969 3080 statim
982 3043 1137 3096 cruentum

182 3097 237 3157 alre
253 3101 391 3158 extollens
408 3095 449 3152 M.
470 3096 574 3154 Brutus
591 3097 755 3170 pugionem,
775 3097 943 3155 Ciceronem
965 3104 1137 3165 nominatim

182 3176 356 3243 exclamarit,
371 3184 453 3246 atque
468 3175 495 3229 ei
509 3185 700 3246 recuperatam
721 3173 877 3230 libertatem
892 3187 936 3232 est
949 3177 1137 3250 gratulatus.''

182 3253 241 3310 Cur
254 3251 324 3308 mihi
342 3247 540 3325 potissimuml
560 3247 635 3321 qudd
649 3249 796 3306 sciebami
831 3251 916 3322 Vide,
930 3254 1031 3312 ncilla
1046 3275 1134 3316 causa

182 3327 265 3386 luerit
288 3319 445 3402 appellandi
467 3345 521 3395 me,
542 3323 627 3399 qudd,
642 3323 709 3382 crim
729 3344 788 3382 rem
803 3330 935 3402 gessisset
956 3333 1133 3398 consimilem

133 3415 168 3470 4ο
182 3404 265 3461 rebus
279 3404 313 3460 iis
326 3424 394 3479 ques
409 3405 468 3478 ipse
481 3421 633 3477 gesseram,
648 3421 694 3459 me
708 3403 888 3478 potissimirm
902 3419 1018 3466 testatus
1033 3422 1086 3482 est,
1099 3431 1132 3468 se

182 3480 313 3538 emulum
337 3500 464 3538 messum
488 3481 603 3538 landum
624 3481 773 3538 exstitisse.
815 3483 863 3540 Tu
878 3496 981 3552 autem,
1004 3490 1127 3546 omnium

182 3555 353 3625 stultissime,
366 3575 423 3612 non
439 3558 580 3630 intelligis,
601 3558 626 3613 si
639 3558 679 3628 id,
693 3560 767 3631 quod
782 3578 827 3614 me
841 3561 945 3632 arguis,
959 3561 1076 3622 noluisse
1090 3564 1131 3620 in-

181 3631 270 3689 terfici
297 3631 450 3699 Caesarem,
477 3634 584 3690 crimen
606 3635 661 3700 sit;
688 3635 785 3703 etiam,
806 3635 929 3691 letatum
955 3655 1019 3694 esse
1044 3650 1131 3695 morte

182 3707 315 3780 Caesaris,
332 3705 439 3764 crimen
458 3709 539 3764 esset
571 3708 654 3770 Quid
673 3710 750 3768 enim
769 3711 885 3770 interest
902 3711 1131 3776 inmemorem

207 3873 214 3893 r
756 3886 760 3894 .
817 3875 825 3900 s
1011 3879 1018 3888 ι

290 3925 293 3937 ’
341 3943 364 3961 =‹
394 3913 400 3931 ¹
429 3917 452 3948 ’ί
792 3897 826 3982 fe
852 3899 1145 3981 effaretwitfissd
