2516 4204
311 285 446 336 casuro
465 285 580 336 rno'r.
597 285 710 337 armo
725 285 872 339 maone.
1064 291 1122 353 11⁹

113 433 186 492 lectu
209 429 285 499 dato,
299 426 439 503 judicium
458 437 684 502 exspectatumm
705 429 792 486 lirisse
813 428 844 486 in
863 429 924 505 eins
942 430 1071 490 consiliis

113 507 298 576 vindicandis,
320 505 368 579 qui
391 503 434 560 rel
447 504 556 578 judicia
576 505 637 579 ipss
654 505 784 564 tolleretl
817 505 893 563 Satis
909 507 1070 584 judicatum

114 597 157 644 est
169 605 186 642 a
198 584 340 658 Pompeio,
361 581 440 651 satis,
454 577 525 638 salsd
545 582 599 638 ista
611 582 734 639 conferri
748 584 778 640 in
799 581 950 641 Milonem:
970 585 1018 660 qui
1031 585 1070 642 lc·

114 681 176 740 gem
190 662 261 731 tulit,
274 660 341 734 qui,
359 669 391 715 ut
404 676 459 732 ego
471 658 572 728 sentio,
588 657 727 716 Milonem
748 659 853 716 absolvi
867 679 885 716 a
897 662 978 718 robis
990 679 1070 736 opor·

113 750 194 808 teret;
209 750 241 796 ut
252 755 353 797 omncs
367 734 548 806 confitentur,
562 735 669 794 liceret
1087 737 1106 790 5

147 814 239 878 Quod
253 811 320 872 verri
335 814 367 870 in
375 811 423 869 illo
436 812 507 881 loco,
522 823 605 886 atque
619 811 674 870 illis
683 812 861 888 publicorum
874 813 1070 889 prasidiomm

114 894 203 967 copiis
225 890 424 959 circumfusus,
445 889 540 956 sedet;
562 889 630 945 satis
652 889 785 961 declarat,
805 909 836 946 se
855 909 914 948 non
935 899 1069 948 terrorem

115 971 218 1028 inferre
233 968 319 1037 vobis,
339 965 419 1042 (quid
432 966 509 1022 enim
524 966 572 1022 illo
592 963 688 1022 minds
708 966 838 1054 dignum,
850 965 937 1042 quim
955 985 1067 1042 cogere,

16 1057 18 1062 '
115 1057 146 1104 ut
165 1065 213 1103 vos
234 1063 299 1102 eum
317 1043 525 1113 condemnetis,
548 1043 578 1098 in
601 1061 686 1116 quem
708 1045 931 1100 animadvertere
951 1044 1021 1119 ipse,
1039 1053 1070 1100 et

114 1141 190 1180 more
209 1122 347 1196 majorum
367 1130 397 1176 et
409 1137 463 1177 suo
480 1120 553 1194 jure,
568 1130 665 1194 posset
674 1119 700 1196 l)
722 1119 773 1178 sed
787 1120 918 1194 presidio
937 1137 1017 1189 esse3
1038 1129 1070 1177 ut
1084 1115 1119 1172 10

112 1200 282 1275 intelligatis,
303 1209 404 1255 contra
417 1197 578 1253 hesternam
592 1196 760 1253 concionem
781 1196 866 1268 illam,
880 1197 966 1254 liccrc
980 1195 1067 1268 vobis,

110 1278 182 1352 quod
196 1276 335 1345 sentiatis,
349 1271 438 1330 liberti
449 1273 590 1368 judicare.

148 1353 278 1412 XXVII,
312 1351 378 1408 Nec
397 1369 464 1408 vero
485 1369 542 1420 me,
554 1349 675 1426 judices,
697 1349 868 1408 Clodianum
888 1351 996 1408 crimen
1011 1367 1068 1410 mo·

111 1442 170 1488 vet:
185 1449 241 1488 nec
254 1441 313 1487 tam
326 1447 389 1484 sum
411 1429 537 1498 demens,
551 1438 664 1502 tamque
678 1427 762 1484 vestri
786 1428 888 1484 sensim
900 1429 1016 1503 &uerus
1029 1437 1069 1486 at-

111 1527 166 1581 que
180 1525 292 1581 expers,
305 1516 338 1562 ut
349 1504 486 1575 nesciam,
499 1504 568 1578 quid
581 1505 617 1562 de
635 1514 725 1562 morte
739 1503 833 1562 Clodii
847 1505 982 1562 sentiatis.
1023 1503 1069 1562 bs
1085 1507 1119 1561 rt

109 1585 178 1658 qui,
197 1584 220 1640 si
239 1584 298 1658 jem
316 1581 419 1639 nollem
440 1581 479 1638 ita
496 1581 602 1639 diluere
623 1582 742 1652 crimen,
761 1592 791 1638 ut
811 1581 891 1652 dilui,
904 1593 999 1639 tamen
1018 1582 1069 1640 im·

108 1659 186 1736 pune
208 1659 313 1718 Miloni
333 1657 426 1734 paldm
445 1658 662 1734 clamarentque
677 1659 790 1716 mentiri
809 1656 929 1734 gloriose
951 1659 1066 1716 liceret:

108 1738 224 1808 Occidi,
237 1738 342 1807 occidi,
357 1755 414 1793 non
428 1737 477 1811 Sp.
492 1735 623 1808 Melium,
636 1737 694 1810 qui,
709 1737 825 1793 annoni
836 1736 966 1807 levandi,
978 1736 1068 1810 jactu·

109 1815 205 1886 risque
218 1815 260 1870 rei
279 1813 433 1880 familiaris,
446 1813 512 1885 quia
531 1813 616 1868 nimis
629 1813 760 1890 amplecti
780 1813 892 1887 plebem
907 1813 1067 1886 putabatur,

109 1891 141 1948 in
153 1889 347 1964 suspicionem
362 1889 461 1945 incidit
473 1890 555 1964 regni
568 1891 718 1964 appetendi
732 1909 738 1945 :
760 1909 817 1946 non
831 1887 878 1945 Ti.
893 1889 1067 1960 Gracchum,
1083 1887 1119 1945 2)

106 1967 156 2040 qui
171 1966 289 2041 collegas
310 1967 503 2042 magistratum
516 1985 566 2040 per
586 1967 754 2024 seditionem
769 1966 930 2041 abrogarit;
950 1983 1067 2042 quorum

107 2044 302 2101 interfectores
322 2041 476 2118 implerunt
494 2044 593 2100 orbem
607 2054 744 2099 terrarum
764 2044 887 2100 nominis
902 2045 946 2102 sui
979 2044 1066 2102 lorii:

106 2122 157 2178 scd
171 2139 247 2190 eum,
269 2119 400 2195 (auderet
411 2121 490 2176 enim
509 2119 616 2188 dicere,
637 2115 704 2176 cdm
716 2121 845 2194 patriam,
864 2121 944 2194 peric
973 2139 992 2177 c
1006 2139 1085 2190 suos

105 2196 270 2272 liberasset)
286 2196 368 2268 cujus
382 2196 537 2250 nefandum
557 2195 726 2252 adulterium
740 2197 770 2254 in
784 2196 975 2271 pulvinaribus
989 2213 1070 2252 sanc·

105 2275 227 2330 tissimis
241 2271 422 2328 nobilissime
444 2271 565 2326 loeminae
580 2274 874 2346 comprehenderunt:
895 2291 972 2344 eum,
986 2271 1068 2348 cujus
1083 2277 1119 2333 25

105 2349 250 2425 supplicio
270 2357 385 2405 senatus
403 2347 544 2404 sollennes
564 2349 716 2424 religiones
735 2351 890 2426 expiandas
908 2369 983 2428 saepe
1003 2369 1070 2408 cen·

103 2429 151 2562 :2¹³
153 2439 189 2560 ‘i
195 2444 364 2560 ‘imin
375 2443 546 2575 {stitit
553 2427 1070 2575 renitententis

59 2605 61 2610 ·
102 2581 233 2658 perisse:
254 2597 332 2646 enm,
342 2579 390 2649 qui
404 2578 506 2646 civem,
515 2595 600 2649 quem
614 2589 737 2651 senatus,
746 2601 830 2656 quem
842 2553 970 2657 populus,
984 2601 1069 2655 quem

101 2677 208 2716 omnes
230 2663 343 2732 gentes,
356 2652 442 2708 Urbis
455 2671 490 2708 ac
508 2655 572 2708 vitae
593 2655 698 2710 civium
719 2670 943 2716 conservatorem
962 2658 1071 2731 judici·
1085 2665 1120 2720 30

102 2747 183 2807 rant,
205 2749 352 2790 servorum
376 2729 460 2786 armis
481 2730 692 2789 exterminavit:
712 2753 787 2807 enm,
806 2736 853 2810 qui
875 2753 964 2812 regua
983 2734 1070 2806 dedit,

101 2812 226 2882 ademit,
238 2809 336 2867 orbem
346 2817 492 2878 terrarum,
500 2809 669 2883 quibuscum
679 2813 774 2883 voluit,
784 2814 904 2888 pertitus
913 2823 973 2870 est:
993 2831 1070 2885 eum,

100 2891 165 2966 qui,
186 2886 316 2964 plurimis
342 2885 467 2944 cedibus
484 2886 525 2958 ‚in
547 2887 605 2945 loro
633 2888 725 2960 lactis,
745 2891 882 2965 singulari
909 2891 1012 2949 virtute
1040 2902 1071 2950 ct
1166 2901 1171 2912 ’
1238 2875 1241 2884 ⁴

97 2968 195 3044 gloriri
216 2967 310 3024 civem
330 2965 445 3021 domum
466 2963 492 3020 ri
512 2975 541 3022 et
561 2967 647 3022 armis
667 2967 816 3041 compulit:
837 2986 915 3036 eum,
930 2969 978 3023 cui
998 2969 1070 3025 nihil

100 3065 232 3120 unquam
245 3043 327 3101 nefas
341 3041 396 3098 luit
408 3059 464 3098 nec
478 3042 508 3098 in
523 3041 649 3100 facinore
664 3061 719 3100 nec
733 3044 763 3100 in
777 3042 912 3099 libidine:
933 3060 1009 3113 curn,
1023 3045 1070 3117 qui
1085 3065 1120 3116 35
1185 3044 1191 3054 “

100 3125 195 3180 aedem
208 3121 408 3197 Nympharum
424 3119 560 3192 incendit,
575 3131 606 3178 ut
620 3120 786 3178 memoriam
809 3119 952 3197 publicam
974 3137 1072 3177 recan-

97 3201 204 3269 sionis,
213 3199 317 3256 tabulis
326 3198 449 3272 publicis
459 3197 634 3273 impressam,
645 3198 839 3273 extingueret:
860 3217 925 3256 eum
936 3199 1071 3275 denique,

99 3277 155 3334 cui
168 3275 229 3350 jam
242 3275 321 3330 nrrlla
333 3275 378 3331 lex
391 3287 461 3346 erat,
475 3275 585 3332 nullum
598 3275 684 3332 civile
695 3275 751 3349 jus,
765 3277 836 3333 nulli
859 3277 1070 3350 possessionum

96 3351 243 3419 termini3
264 3351 322 3424 qui,
341 3370 400 3408 non
422 3353 564 3410 calumniis
588 3353 691 3422 litium,
718 3369 776 3408 non
807 3351 918 3426 injustis
939 3353 1070 3416 vindiciis

96 3450 137 3490 ac
162 3428 360 3498 sacramentis,
382 3428 486 3486 alienos
508 3431 620 3499 fundos,
637 3430 688 3486 sed
709 3429 818 3500 castris,
833 3427 968 3502 exercitu,
983 3431 1071 3508 signis
1084 3442 1119 3495 40

95 3505 276 3576 inferendis,
290 3506 416 3582 petebam
436 3508 484 3581 qui
505 3525 563 3564 non
584 3504 676 3564 scldm
690 3505 835 3578 Etruscos,
857 3503 920 3582 (eos
933 3509 1011 3566 enim
1024 3531 1072 3587 pe·

94 3583 181 3644 nitius
195 3583 418 3660 contempserat)
433 3585 484 3640 sed
498 3586 575 3640 bunc
584 3583 625 3643 Q.
637 3582 765 3652 varium,
776 3583 866 3641 virum
881 3583 1069 3654 fortissimum,

93 3675 188 3740 atque
207 3661 351 3738 optimum
371 3661 471 3731 civem,
488 3660 615 3734 judicem
636 3668 773 3730 nostrum,
793 3662 899 3736 pellere
920 3661 1070 3732 possessio-

92 3743 188 3800 nibus
202 3739 292 3799 srmis
306 3738 461 3815 castrisque
475 3747 595 3794 conum
608 3745 667 3802 est;
689 3735 747 3808 qui,
770 3755 837 3794 cum
860 3729 1022 3791 architectis
1041 3731 1070 3774 et
1123 3782 1126 3797 ι
