<?xml version="1.0" encoding="UTF-8"?>
<!DOCTYPE html PUBLIC "-//W3C//DTD XHTML 1.0 Transitional//EN"
    "http://www.w3.org/TR/xhtml1/DTD/xhtml1-transitional.dtd">
<html xmlns="http://www.w3.org/1999/xhtml" xml:lang="en" lang="en">
 <head>
  <title>
</title>
<meta http-equiv="Content-Type" content="text/html;charset=utf-8" />
  <meta name='ocr-system' content='tesseract 3.04.00' />
  <meta name='ocr-capabilities' content='ocr_page ocr_carea ocr_par ocr_line ocrx_word'/>
</head>
<body>
  <div class='ocr_page' id='page_1' title='image "./orationesqudams00cicegoog/orationesqudams00cicegoog_0043.png"; bbox 0 0 2542 4212; ppageno 0'>
   <div class='ocr_carea' id='block_1_1' title="bbox 379 299 1164 364">
    <p class='ocr_par' dir='ltr' id='par_1_1' title="bbox 379 299 1164 364">
     <span class='ocr_line' id='line_1_1' title="bbox 379 299 1164 364; baseline 0.004 -14"><span class='ocrx_word' id='word_1_1' title='bbox 379 301 503 350; x_wconf 79' lang='lat' dir='ltr'>ORATIO</span> <span class='ocrx_word' id='word_1_2' title='bbox 522 299 569 348; x_wconf 86' lang='lat' dir='ltr'>lv.</span> <span class='ocrx_word' id='word_1_3' title='bbox 582 301 622 348; x_wconf 86' lang='lat' dir='ltr'>IN</span> <span class='ocrx_word' id='word_1_4' title='bbox 640 301 669 350; x_wconf 88' lang='lat' dir='ltr'>L.</span> <span class='ocrx_word' id='word_1_5' title='bbox 686 301 894 352; x_wconf 72' lang='lat' dir='ltr'>castum.</span> <span class='ocrx_word' id='word_1_6' title='bbox 1123 305 1164 364; x_wconf 74' lang='lat'>80</span> 
     </span>
    </p>
   </div>
   <div class='ocr_carea' id='block_1_2' title="bbox 74 440 1166 3500">
    <p class='ocr_par' dir='ltr' id='par_1_2' title="bbox 148 440 1164 1038">
     <span class='ocr_line' id='line_1_2' title="bbox 150 440 1113 518; baseline 0.003 -19"><span class='ocrx_word' id='word_1_7' title='bbox 150 441 199 518; x_wconf 81' lang='lat' dir='ltr'>qui</span> <span class='ocrx_word' id='word_1_8' title='bbox 210 459 273 512; x_wconf 89' lang='lat' dir='ltr'>nos,</span> <span class='ocrx_word' id='word_1_9' title='bbox 284 440 330 515; x_wconf 89' lang='lat' dir='ltr'>qui</span> <span class='ocrx_word' id='word_1_10' title='bbox 341 441 485 516; x_wconf 86' lang='lat' dir='ltr'>conjuges,</span> <span class='ocrx_word' id='word_1_11' title='bbox 494 443 543 515; x_wconf 90' lang='lat' dir='ltr'>qui</span> <span class='ocrx_word' id='word_1_12' title='bbox 553 442 656 498; x_wconf 86' lang='lat' dir='ltr'>liberos</span> <span class='ocrx_word' id='word_1_13' title='bbox 666 454 786 514; x_wconf 82' lang='lat' dir='ltr'>nostros,</span> <span class='ocrx_word' id='word_1_14' title='bbox 796 444 937 502; x_wconf 82' lang='lat' dir='ltr'>trucidare</span> <span class='ocrx_word' id='word_1_15' title='bbox 948 442 1098 502; x_wconf 84' lang='lat' dir='ltr'>voluerunt</span> <span class='ocrx_word' id='word_1_16' title='bbox 1105 461 1113 512; x_wconf 90' lang='lat'>;</span> 
     </span>
     <span class='ocr_line' id='line_1_3' title="bbox 150 517 1113 594; baseline 0.002 -19"><span class='ocrx_word' id='word_1_17' title='bbox 150 520 200 594; x_wconf 90' lang='lat' dir='ltr'>qui</span> <span class='ocrx_word' id='word_1_18' title='bbox 214 517 337 593; x_wconf 83' lang='lat' dir='ltr'>singulas</span> <span class='ocrx_word' id='word_1_19' title='bbox 351 519 573 592; x_wconf 83' lang='lat' dir='ltr'>uniuscujusque</span> <span class='ocrx_word' id='word_1_20' title='bbox 583 518 709 576; x_wconf 75' lang='lat' dir='ltr'>nostrum</span> <span class='ocrx_word' id='word_1_21' title='bbox 723 520 832 592; x_wconf 90' lang='lat' dir='ltr'>domos,</span> <span class='ocrx_word' id='word_1_22' title='bbox 846 531 874 576; x_wconf 90' lang='lat' dir='ltr'>et</span> <span class='ocrx_word' id='word_1_23' title='bbox 887 521 941 578; x_wconf 89' lang='lat' dir='ltr'>hoc</span> <span class='ocrx_word' id='word_1_24' title='bbox 950 522 1113 580; x_wconf 84' lang='lat' dir='ltr'>uuiversum</span> 
     </span>
     <span class='ocr_line' id='line_1_4' title="bbox 152 595 1115 672; baseline 0.001 -18"><span class='ocrx_word' id='word_1_25' title='bbox 152 596 315 670; x_wconf 75' lang='lat' dir='ltr'>reipublice</span> <span class='ocrx_word' id='word_1_26' title='bbox 326 596 515 664; x_wconf 83' lang='lat' dir='ltr'>domicilium,</span> <span class='ocrx_word' id='word_1_27' title='bbox 527 595 620 650; x_wconf 90' lang='lat' dir='ltr'>delere</span> <span class='ocrx_word' id='word_1_28' title='bbox 632 595 725 652; x_wconf 89' lang='lat' dir='ltr'>conati</span> <span class='ocrx_word' id='word_1_29' title='bbox 736 605 818 664; x_wconf 74' lang='lat' dir='ltr'>sunt,</span> <span class='ocrx_word' id='word_1_30' title='bbox 839 598 887 669; x_wconf 95' lang='lat' dir='ltr'>qui</span> <span class='ocrx_word' id='word_1_31' title='bbox 901 598 930 654; x_wconf 94' lang='lat' dir='ltr'>id</span> <span class='ocrx_word' id='word_1_32' title='bbox 940 609 1068 672; x_wconf 80' lang='lat' dir='ltr'>egerunt,</span> <span class='ocrx_word' id='word_1_33' title='bbox 1082 607 1115 654; x_wconf 88' lang='lat' dir='ltr'>ut</span> 
     </span>
     <span class='ocr_line' id='line_1_5' title="bbox 148 671 1113 748; baseline 0.002 -20"><span class='ocrx_word' id='word_1_34' title='bbox 148 683 265 748; x_wconf 79' lang='lat' dir='ltr'>¹gentem</span> <span class='ocrx_word' id='word_1_35' title='bbox 286 673 472 746; x_wconf 85' lang='lat' dir='ltr'><strong>Allobrogum</strong></span> <span class='ocrx_word' id='word_1_36' title='bbox 493 672 523 726; x_wconf 90' lang='lat' dir='ltr'>in</span> <span class='ocrx_word' id='word_1_37' title='bbox 543 671 667 744; x_wconf 82' lang='lat' dir='ltr'>vestigiis</span> <span class='ocrx_word' id='word_1_38' title='bbox 681 671 764 744; x_wconf 85' lang='lat' dir='ltr'>hujus</span> <span class='ocrx_word' id='word_1_39' title='bbox 778 671 865 742; x_wconf 89' lang='lat' dir='ltr'>urbis,</span> <span class='ocrx_word' id='word_1_40' title='bbox 879 685 960 746; x_wconf 81' lang='lat' dir='ltr'>atque</span> <span class='ocrx_word' id='word_1_41' title='bbox 974 675 1003 730; x_wconf 92' lang='lat' dir='ltr'>iu</span> <span class='ocrx_word' id='word_1_42' title='bbox 1017 676 1113 730; x_wconf 85' lang='lat' dir='ltr'>cinere</span> 
     </span>
     <span class='ocr_line' id='line_1_6' title="bbox 150 747 1164 824; baseline 0.002 -18"><span class='ocrx_word' id='word_1_43' title='bbox 150 749 296 824; x_wconf 86' lang='lat' dir='ltr'>deflagrati</span> <span class='ocrx_word' id='word_1_44' title='bbox 319 749 440 822; x_wconf 90' lang='lat' dir='ltr'>imperii,</span> <span class='ocrx_word' id='word_1_45' title='bbox 455 747 642 814; x_wconf 86' lang='lat' dir='ltr'>collocarent;</span> <span class='ocrx_word' id='word_1_46' title='bbox 664 748 688 802; x_wconf 91' lang='lat' dir='ltr'>si</span> <span class='ocrx_word' id='word_1_47' title='bbox 709 748 948 804; x_wconf 85' lang='lat' dir='ltr'>vehementissimi</span> <span class='ocrx_word' id='word_1_48' title='bbox 971 749 1113 820; x_wconf 81' lang='lat' dir='ltr'>fuerimus,</span> <span class='ocrx_word' id='word_1_49' title='bbox 1145 756 1164 808; x_wconf 85' lang='grc'><strong>5</strong></span> 
     </span>
     <span class='ocr_line' id='line_1_7' title="bbox 150 823 1114 896; baseline -0.003 -13"><span class='ocrx_word' id='word_1_50' title='bbox 150 827 350 884; x_wconf 90' lang='lat' dir='ltr'>misericordes</span> <span class='ocrx_word' id='word_1_51' title='bbox 374 825 559 880; x_wconf 85' lang='lat' dir='ltr'>habebimur:</span> <span class='ocrx_word' id='word_1_52' title='bbox 580 824 624 880; x_wconf 92' lang='lat' dir='ltr'>sin</span> <span class='ocrx_word' id='word_1_53' title='bbox 648 823 821 880; x_wconf 79' lang='lat' dir='ltr'>remissiores</span> <span class='ocrx_word' id='word_1_54' title='bbox 845 842 907 880; x_wconf 88' lang='lat' dir='ltr'>esse</span> <span class='ocrx_word' id='word_1_55' title='bbox 936 823 1114 896; x_wconf 84' lang='lat' dir='ltr'>voluerimus,</span> 
     </span>
     <span class='ocr_line' id='line_1_8' title="bbox 151 893 1115 974; baseline -0.004 -14"><span class='ocrx_word' id='word_1_56' title='bbox 151 922 270 960; x_wconf 74' lang='lat' dir='ltr'>summe</span> <span class='ocrx_word' id='word_1_57' title='bbox 285 902 369 958; x_wconf 87' lang='lat' dir='ltr'>nobis</span> <span class='ocrx_word' id='word_1_58' title='bbox 383 901 553 959; x_wconf 79' lang='lat' dir='ltr'>crudelitatis</span> <span class='ocrx_word' id='word_1_59' title='bbox 567 900 597 954; x_wconf 88' lang='lat' dir='ltr'>in</span> <span class='ocrx_word' id='word_1_60' title='bbox 610 893 886 973; x_wconf 56' lang='lat' dir='ltr'>patriffciviumque</span> <span class='ocrx_word' id='word_1_61' title='bbox 899 901 1027 974; x_wconf 85' lang='lat' dir='ltr'>pernicis</span> <span class='ocrx_word' id='word_1_62' title='bbox 1042 901 1115 958; x_wconf 80' lang='lat' dir='ltr'>sama</span> 
     </span>
     <span class='ocr_line' id='line_1_9' title="bbox 152 979 370 1038; baseline -0.028 0"><span class='ocrx_word' id='word_1_63' title='bbox 152 979 305 1038; x_wconf 86' lang='lat' dir='ltr'>subeunda</span> <span class='ocrx_word' id='word_1_64' title='bbox 319 989 370 1034; x_wconf 88' lang='lat' dir='ltr'>est.</span> 
     </span>
    </p>

    <p class='ocr_par' dir='ltr' id='par_1_3' title="bbox 136 1052 1164 1437">
     <span class='ocr_line' id='line_1_10' title="bbox 193 1052 1114 1127; baseline 0 -16"><span class='ocrx_word' id='word_1_65' title='bbox 193 1055 258 1112; x_wconf 86' lang='lat' dir='ltr'>Nisi</span> <span class='ocrx_word' id='word_1_66' title='bbox 280 1052 345 1110; x_wconf 86' lang='lat' dir='ltr'>verd</span> <span class='ocrx_word' id='word_1_67' title='bbox 367 1053 491 1127; x_wconf 88' lang='lat' dir='ltr'>cuipiam</span> <span class='ocrx_word' id='word_1_68' title='bbox 511 1052 544 1108; x_wconf 90' lang='lat' dir='ltr'>L.</span> <span class='ocrx_word' id='word_1_69' title='bbox 559 1053 665 1124; x_wconf 81' lang='lat' dir='ltr'>Caesar,</span> <span class='ocrx_word' id='word_1_70' title='bbox 680 1053 722 1110; x_wconf 83' lang='lat' dir='ltr'>vir</span> <span class='ocrx_word' id='word_1_71' title='bbox 736 1053 901 1110; x_wconf 84' lang='lat' dir='ltr'>fortissimus</span> <span class='ocrx_word' id='word_1_72' title='bbox 914 1065 944 1110; x_wconf 84' lang='lat' dir='ltr'>et</span> <span class='ocrx_word' id='word_1_73' title='bbox 957 1053 1114 1111; x_wconf 86' lang='lat' dir='ltr'>amantissi-</span> 
     </span>
     <span class='ocr_line' id='line_1_11' title="bbox 151 1127 1164 1206; baseline 0.002 -17"><span class='ocrx_word' id='word_1_74' title='bbox 151 1151 215 1190; x_wconf 90' lang='lat' dir='ltr'>mus</span> <span class='ocrx_word' id='word_1_75' title='bbox 228 1130 401 1206; x_wconf 81' lang='lat' dir='ltr'>reipublicae,</span> <span class='ocrx_word' id='word_1_76' title='bbox 413 1129 553 1186; x_wconf 80' lang='lat' dir='ltr'>crudelior</span> <span class='ocrx_word' id='word_1_77' title='bbox 564 1130 770 1186; x_wconf 88' lang='lat' dir='ltr'>nudiustertius</span> <span class='ocrx_word' id='word_1_78' title='bbox 780 1131 856 1187; x_wconf 86' lang='lat' dir='ltr'>visus</span> <span class='ocrx_word' id='word_1_79' title='bbox 869 1141 921 1200; x_wconf 87' lang='lat' dir='ltr'>est,</span> <span class='ocrx_word' id='word_1_80' title='bbox 930 1127 997 1188; x_wconf 75' lang='lat' dir='ltr'>clun</span> <span class='ocrx_word' id='word_1_81' title='bbox 1012 1131 1114 1187; x_wconf 87' lang='lat' dir='ltr'>sororis</span> <span class='ocrx_word' id='word_1_82' title='bbox 1130 1137 1164 1190; x_wconf 87' lang='lat'>10</span> 
     </span>
     <span class='ocr_line' id='line_1_12' title="bbox 147 1207 1114 1281; baseline -0.005 -12"><span class='ocrx_word' id='word_1_83' title='bbox 147 1229 219 1280; x_wconf 83' lang='lat' dir='ltr'>suae,</span> <span class='ocrx_word' id='word_1_84' title='bbox 229 1208 351 1265; x_wconf 81' lang='lat' dir='ltr'>foeminae</span> <span class='ocrx_word' id='word_1_85' title='bbox 362 1207 549 1277; x_wconf 73' lang='lat' dir='ltr'>electissime,</span> <span class='ocrx_word' id='word_1_86' title='bbox 559 1207 648 1262; x_wconf 88' lang='lat' dir='ltr'>virum</span> <span class='ocrx_word' id='word_1_87' title='bbox 659 1219 826 1281; x_wconf 79' lang='lat' dir='ltr'>presentem</span> <span class='ocrx_word' id='word_1_88' title='bbox 837 1219 865 1264; x_wconf 90' lang='lat' dir='ltr'>et</span> <span class='ocrx_word' id='word_1_89' title='bbox 876 1207 1048 1277; x_wconf 80' lang='lat' dir='ltr'>audientem,</span> <span class='ocrx_word' id='word_1_90' title='bbox 1057 1207 1114 1264; x_wconf 79' lang='lat' dir='ltr'>viu</span> 
     </span>
     <span class='ocr_line' id='line_1_13' title="bbox 136 1281 1113 1362; baseline -0.003 -19"><span class='ocrx_word' id='word_1_91' title='bbox 136 1287 318 1362; x_wconf 86' lang='lat' dir='ltr'>·privandum</span> <span class='ocrx_word' id='word_1_92' title='bbox 333 1304 394 1342; x_wconf 89' lang='lat' dir='ltr'>csse</span> <span class='ocrx_word' id='word_1_93' title='bbox 409 1283 489 1354; x_wconf 86' lang='lat' dir='ltr'>dixit,</span> <span class='ocrx_word' id='word_1_94' title='bbox 504 1281 570 1340; x_wconf 80' lang='lat' dir='ltr'>otim</span> <span class='ocrx_word' id='word_1_95' title='bbox 585 1303 666 1340; x_wconf 88' lang='lat' dir='ltr'>avum</span> <span class='ocrx_word' id='word_1_96' title='bbox 689 1283 769 1357; x_wconf 87' lang='lat' dir='ltr'>jussu</span> <span class='ocrx_word' id='word_1_97' title='bbox 784 1285 910 1341; x_wconf 86' lang='lat' dir='ltr'>consulis</span> <span class='ocrx_word' id='word_1_98' title='bbox 924 1283 1113 1355; x_wconf 87' lang='lat' dir='ltr'>intersectum,</span> 
     </span>
     <span class='ocr_line' id='line_1_14' title="bbox 150 1361 1114 1437; baseline -0.005 -16"><span class='ocrx_word' id='word_1_99' title='bbox 150 1365 295 1437; x_wconf 85' lang='lat' dir='ltr'>filiumque</span> <span class='ocrx_word' id='word_1_100' title='bbox 309 1362 370 1436; x_wconf 86' lang='lat' dir='ltr'>ejus</span> <span class='ocrx_word' id='word_1_101' title='bbox 384 1362 570 1434; x_wconf 83' lang='lat' dir='ltr'>impuberem,</span> <span class='ocrx_word' id='word_1_102' title='bbox 585 1361 708 1435; x_wconf 86' lang='lat' dir='ltr'>legatum</span> <span class='ocrx_word' id='word_1_103' title='bbox 723 1380 740 1418; x_wconf 88' lang='lat' dir='ltr'>a</span> <span class='ocrx_word' id='word_1_104' title='bbox 759 1373 839 1436; x_wconf 88' lang='lat' dir='ltr'>patre</span> <span class='ocrx_word' id='word_1_105' title='bbox 860 1361 987 1430; x_wconf 89' lang='lat' dir='ltr'>missum,</span> <span class='ocrx_word' id='word_1_106' title='bbox 1002 1361 1032 1417; x_wconf 94' lang='lat' dir='ltr'>in</span> <span class='ocrx_word' id='word_1_107' title='bbox 1053 1379 1114 1417; x_wconf 82' lang='lat' dir='ltr'>cor·</span> 
     </span>
    </p>

    <p class='ocr_par' dir='ltr' id='par_1_4' title="bbox 74 1425 1164 2584">
     <span class='ocr_line' id='line_1_15' title="bbox 74 1425 1114 1524; baseline -0.004 -26"><span class='ocrx_word' id='word_1_108' title='bbox 74 1445 78 1452; x_wconf 84' lang='lat'>&#39;</span> <span class='ocrx_word' id='word_1_109' title='bbox 150 1461 218 1498; x_wconf 87' lang='lat' dir='ltr'>cere</span> <span class='ocrx_word' id='word_1_110' title='bbox 229 1450 361 1498; x_wconf 89' lang='lat' dir='ltr'>necatum</span> <span class='ocrx_word' id='word_1_111' title='bbox 375 1457 437 1493; x_wconf 88' lang='lat' dir='ltr'>esse</span> <span class='ocrx_word' id='word_1_112' title='bbox 451 1437 523 1494; x_wconf 83' lang='lat' dir='ltr'>dixit</span> <span class='ocrx_word' id='word_1_113' title='bbox 532 1435 690 1524; x_wconf 65' lang='lat' dir='ltr'>(quorum,</span> <span class='ocrx_word' id='word_1_114' title='bbox 702 1440 776 1511; x_wconf 91' lang='lat' dir='ltr'>quod</span> <span class='ocrx_word' id='word_1_115' title='bbox 788 1439 878 1494; x_wconf 87' lang='lat' dir='ltr'>simile</span> <span class='ocrx_word' id='word_1_116' title='bbox 893 1425 1029 1518; x_wconf 56' lang='lat' dir='ltr'>sactum)</span> <span class='ocrx_word' id='word_1_117' title='bbox 1040 1437 1114 1510; x_wconf 90' lang='lat' dir='ltr'>quod</span> 
     </span>
     <span class='ocr_line' id='line_1_16' title="bbox 153 1515 1164 1588; baseline -0.001 -15"><span class='ocrx_word' id='word_1_118' title='bbox 153 1519 255 1574; x_wconf 91' lang='lat' dir='ltr'>initum</span> <span class='ocrx_word' id='word_1_119' title='bbox 263 1516 396 1574; x_wconf 77' lang='lat' dir='ltr'>‚delendae</span> <span class='ocrx_word' id='word_1_120' title='bbox 407 1515 569 1588; x_wconf 71' lang='lat' dir='ltr'>reipublicae</span> <span class='ocrx_word' id='word_1_121' title='bbox 583 1515 756 1572; x_wconf 89' lang='lat' dir='ltr'>consiliuml</span> <span class='ocrx_word' id='word_1_122' title='bbox 802 1515 974 1588; x_wconf 85' lang='lat' dir='ltr'>Largitionis</span> <span class='ocrx_word' id='word_1_123' title='bbox 987 1515 1115 1570; x_wconf 86' lang='lat' dir='ltr'>voluntas</span> <span class='ocrx_word' id='word_1_124' title='bbox 1130 1517 1164 1572; x_wconf 85' lang='lat'>15</span> 
     </span>
     <span class='ocr_line' id='line_1_17' title="bbox 152 1590 1114 1666; baseline -0.005 -17"><span class='ocrx_word' id='word_1_125' title='bbox 152 1603 214 1649; x_wconf 91' lang='lat' dir='ltr'>tum</span> <span class='ocrx_word' id='word_1_126' title='bbox 229 1594 259 1648; x_wconf 92' lang='lat' dir='ltr'>in</span> <span class='ocrx_word' id='word_1_127' title='bbox 274 1591 420 1666; x_wconf 68' lang='lat' dir='ltr'>republica</span> <span class='ocrx_word' id='word_1_128' title='bbox 434 1603 540 1648; x_wconf 86' lang='lat' dir='ltr'>versata</span> <span class='ocrx_word' id='word_1_129' title='bbox 558 1603 610 1662; x_wconf 88' lang='lat' dir='ltr'>est,</span> <span class='ocrx_word' id='word_1_130' title='bbox 625 1601 654 1648; x_wconf 89' lang='lat' dir='ltr'>et</span> <span class='ocrx_word' id='word_1_131' title='bbox 667 1591 788 1665; x_wconf 85' lang='lat' dir='ltr'>partium</span> <span class='ocrx_word' id='word_1_132' title='bbox 809 1591 938 1665; x_wconf 83' lang='lat' dir='ltr'>quaedam</span> <span class='ocrx_word' id='word_1_133' title='bbox 960 1590 1114 1646; x_wconf 89' lang='lat' dir='ltr'>contentio.</span> 
     </span>
     <span class='ocr_line' id='line_1_18' title="bbox 151 1667 1115 1744; baseline -0.003 -17"><span class='ocrx_word' id='word_1_134' title='bbox 151 1671 246 1744; x_wconf 87' lang='lat' dir='ltr'>Atque</span> <span class='ocrx_word' id='word_1_135' title='bbox 261 1669 308 1726; x_wconf 93' lang='lat' dir='ltr'>illo</span> <span class='ocrx_word' id='word_1_136' title='bbox 321 1679 446 1742; x_wconf 89' lang='lat' dir='ltr'>tempore</span> <span class='ocrx_word' id='word_1_137' title='bbox 460 1668 543 1742; x_wconf 86' lang='lat' dir='ltr'>hujus</span> <span class='ocrx_word' id='word_1_138' title='bbox 556 1687 626 1724; x_wconf 90' lang='lat' dir='ltr'>avus</span> <span class='ocrx_word' id='word_1_139' title='bbox 640 1668 764 1738; x_wconf 90' lang='lat' dir='ltr'>Lentuli,</span> <span class='ocrx_word' id='word_1_140' title='bbox 774 1669 948 1724; x_wconf 89' lang='lat' dir='ltr'>clarissimus</span> <span class='ocrx_word' id='word_1_141' title='bbox 962 1667 1012 1737; x_wconf 89' lang='lat' dir='ltr'>vir,</span> <span class='ocrx_word' id='word_1_142' title='bbox 1026 1685 1115 1724; x_wconf 90' lang='lat' dir='ltr'>arma·</span> 
     </span>
     <span class='ocr_line' id='line_1_19' title="bbox 150 1744 1113 1825; baseline -0.004 -21"><span class='ocrx_word' id='word_1_143' title='bbox 150 1757 196 1825; x_wconf 84' lang='lat' dir='ltr'>tus</span> <span class='ocrx_word' id='word_1_144' title='bbox 215 1747 379 1804; x_wconf 88' lang='lat' dir='ltr'>Gracchum</span> <span class='ocrx_word' id='word_1_145' title='bbox 400 1757 444 1802; x_wconf 86' lang='lat' dir='ltr'>est</span> <span class='ocrx_word' id='word_1_146' title='bbox 464 1757 645 1820; x_wconf 84' lang='lat' dir='ltr'>persecutus:</span> <span class='ocrx_word' id='word_1_147' title='bbox 667 1746 713 1802; x_wconf 93' lang='lat' dir='ltr'>ille</span> <span class='ocrx_word' id='word_1_148' title='bbox 727 1745 813 1802; x_wconf 86' lang='lat' dir='ltr'>etiam</span> <span class='ocrx_word' id='word_1_149' title='bbox 828 1765 912 1820; x_wconf 84' lang='lat' dir='ltr'>grave</span> <span class='ocrx_word' id='word_1_150' title='bbox 934 1755 995 1802; x_wconf 91' lang='lat' dir='ltr'>tum</span> <span class='ocrx_word' id='word_1_151' title='bbox 1012 1744 1113 1800; x_wconf 85' lang='lat' dir='ltr'>vulnus</span> 
     </span>
     <span class='ocr_line' id='line_1_20' title="bbox 151 1821 1112 1894; baseline 0.002 -18"><span class='ocrx_word' id='word_1_152' title='bbox 151 1823 273 1894; x_wconf 81' lang='lat' dir='ltr'>accepit,</span> <span class='ocrx_word' id='word_1_153' title='bbox 293 1841 330 1876; x_wconf 93' lang='lat' dir='ltr'>ne</span> <span class='ocrx_word' id='word_1_154' title='bbox 348 1823 417 1892; x_wconf 90' lang='lat' dir='ltr'>quid</span> <span class='ocrx_word' id='word_1_155' title='bbox 431 1823 467 1875; x_wconf 90' lang='lat' dir='ltr'>de</span> <span class='ocrx_word' id='word_1_156' title='bbox 481 1823 592 1874; x_wconf 66' lang='lat' dir='ltr'>summa</span> <span class='ocrx_word' id='word_1_157' title='bbox 612 1841 643 1876; x_wconf 89' lang='lat' dir='ltr'>re</span> <span class='ocrx_word' id='word_1_158' title='bbox 657 1822 774 1893; x_wconf 56' lang='lat' dir='ltr'>public&amp;</span> <span class='ocrx_word' id='word_1_159' title='bbox 793 1823 983 1878; x_wconf 89' lang='lat' dir='ltr'>minueretur:</span> <span class='ocrx_word' id='word_1_160' title='bbox 1004 1822 1061 1892; x_wconf 90' lang='lat' dir='ltr'>hic,</span> <span class='ocrx_word' id='word_1_161' title='bbox 1075 1821 1112 1878; x_wconf 82' lang='lat' dir='ltr'>ad</span> 
     </span>
     <span class='ocr_line' id='line_1_21' title="bbox 153 1895 1163 1969; baseline 0 -15"><span class='ocrx_word' id='word_1_162' title='bbox 153 1897 306 1954; x_wconf 88' lang='lat' dir='ltr'>evertenda</span> <span class='ocrx_word' id='word_1_163' title='bbox 337 1896 522 1951; x_wconf 82' lang='lat' dir='ltr'>fundamenta</span> <span class='ocrx_word' id='word_1_164' title='bbox 542 1895 715 1969; x_wconf 71' lang='lat' dir='ltr'>reipublice,</span> <span class='ocrx_word' id='word_1_165' title='bbox 739 1896 834 1952; x_wconf 86' lang='lat' dir='ltr'>Gallos</span> <span class='ocrx_word' id='word_1_166' title='bbox 855 1897 980 1967; x_wconf 85' lang='lat' dir='ltr'>arcessit,</span> <span class='ocrx_word' id='word_1_167' title='bbox 1001 1899 1112 1954; x_wconf 83' lang='lat' dir='ltr'>servitia</span> <span class='ocrx_word' id='word_1_168' title='bbox 1127 1909 1163 1963; x_wconf 62' lang='grc' dir='ltr'>πο</span> 
     </span>
     <span class='ocr_line' id='line_1_22' title="bbox 151 1972 1111 2050; baseline 0 -19"><span class='ocrx_word' id='word_1_169' title='bbox 151 1975 284 2044; x_wconf 84' lang='lat' dir='ltr'>concitat,</span> <span class='ocrx_word' id='word_1_170' title='bbox 300 1972 453 2030; x_wconf 84' lang='lat' dir='ltr'>Catilinam</span> <span class='ocrx_word' id='word_1_171' title='bbox 465 1981 546 2028; x_wconf 80' lang='lat' dir='ltr'>vocat</span> <span class='ocrx_word' id='word_1_172' title='bbox 553 1991 562 2040; x_wconf 87' lang='lat'>‚·</span> <span class='ocrx_word' id='word_1_173' title='bbox 584 1973 710 2030; x_wconf 88' lang='lat' dir='ltr'>attribuit</span> <span class='ocrx_word' id='word_1_174' title='bbox 718 1991 770 2031; x_wconf 92' lang='lat' dir='ltr'>nos</span> <span class='ocrx_word' id='word_1_175' title='bbox 781 1975 963 2031; x_wconf 89' lang='lat' dir='ltr'>trucidandos</span> <span class='ocrx_word' id='word_1_176' title='bbox 975 1974 1111 2050; x_wconf 83' lang='lat' dir='ltr'>Cethego,</span> 
     </span>
     <span class='ocr_line' id='line_1_23' title="bbox 149 2049 1113 2120; baseline 0 -12"><span class='ocrx_word' id='word_1_177' title='bbox 149 2063 266 2108; x_wconf 82' lang='lat' dir='ltr'>caeteros</span> <span class='ocrx_word' id='word_1_178' title='bbox 289 2051 366 2107; x_wconf 83' lang='lat' dir='ltr'>cives</span> <span class='ocrx_word' id='word_1_179' title='bbox 388 2049 599 2108; x_wconf 86' lang='lat' dir='ltr'>interficiendos</span> <span class='ocrx_word' id='word_1_180' title='bbox 623 2049 755 2120; x_wconf 82' lang='lat' dir='ltr'>Gabinio,</span> <span class='ocrx_word' id='word_1_181' title='bbox 770 2051 867 2107; x_wconf 91' lang='lat' dir='ltr'>urbem</span> <span class='ocrx_word' id='word_1_182' title='bbox 883 2051 1113 2108; x_wconf 78' lang='lat' dir='ltr'>inflammandam</span> 
     </span>
     <span class='ocr_line' id='line_1_24' title="bbox 149 2125 1112 2200; baseline -0.004 -16"><span class='ocrx_word' id='word_1_183' title='bbox 149 2128 260 2198; x_wconf 85' lang='lat' dir='ltr'>Cassio,</span> <span class='ocrx_word' id='word_1_184' title='bbox 274 2139 360 2184; x_wconf 88' lang='lat' dir='ltr'>totam</span> <span class='ocrx_word' id='word_1_185' title='bbox 383 2125 495 2182; x_wconf 87' lang='lat' dir='ltr'>Italiam</span> <span class='ocrx_word' id='word_1_186' title='bbox 517 2126 680 2182; x_wconf 89' lang='lat' dir='ltr'>vastandam</span> <span class='ocrx_word' id='word_1_187' title='bbox 701 2128 945 2200; x_wconf 87' lang='lat' dir='ltr'>diripiendamque</span> <span class='ocrx_word' id='word_1_188' title='bbox 973 2127 1112 2184; x_wconf 70' lang='lat' dir='ltr'>Catilium.</span> 
     </span>
     <span class='ocr_line' id='line_1_25' title="bbox 149 2202 1114 2280; baseline -0.002 -20"><span class='ocrx_word' id='word_1_189' title='bbox 149 2203 307 2274; x_wconf 80' lang='lat' dir='ltr'>veremini,</span> <span class='ocrx_word' id='word_1_190' title='bbox 321 2202 452 2280; x_wconf 91' lang='lat' dir='ltr'>(censeo)</span> <span class='ocrx_word' id='word_1_191' title='bbox 468 2221 515 2272; x_wconf 90' lang='lat' dir='ltr'>ne,</span> <span class='ocrx_word' id='word_1_192' title='bbox 530 2204 560 2257; x_wconf 92' lang='lat' dir='ltr'>in</span> <span class='ocrx_word' id='word_1_193' title='bbox 575 2203 630 2258; x_wconf 93' lang='lat' dir='ltr'>hoc</span> <span class='ocrx_word' id='word_1_194' title='bbox 644 2202 751 2258; x_wconf 88' lang='lat' dir='ltr'>scelere</span> <span class='ocrx_word' id='word_1_195' title='bbox 765 2216 822 2258; x_wconf 84' lang='lat' dir='ltr'>tam</span> <span class='ocrx_word' id='word_1_196' title='bbox 838 2203 955 2258; x_wconf 84' lang='lat' dir='ltr'>immani</span> <span class='ocrx_word' id='word_1_197' title='bbox 970 2220 1004 2258; x_wconf 85' lang='lat' dir='ltr'>ac</span> <span class='ocrx_word' id='word_1_198' title='bbox 1018 2203 1114 2258; x_wconf 84' lang='lat' dir='ltr'>uesan-</span> 
     </span>
     <span class='ocr_line' id='line_1_26' title="bbox 149 2275 1163 2352; baseline -0.003 -15"><span class='ocrx_word' id='word_1_199' title='bbox 149 2281 197 2350; x_wconf 92' lang='lat' dir='ltr'>do,</span> <span class='ocrx_word' id='word_1_200' title='bbox 219 2281 305 2336; x_wconf 90' lang='lat' dir='ltr'>nimis</span> <span class='ocrx_word' id='word_1_201' title='bbox 328 2280 433 2352; x_wconf 90' lang='lat' dir='ltr'>aliquid</span> <span class='ocrx_word' id='word_1_202' title='bbox 457 2275 559 2333; x_wconf 71' lang='lat' dir='ltr'>sev&#39;erb&#39;</span> <span class='ocrx_word' id='word_1_203' title='bbox 574 2279 710 2334; x_wconf 76' lang='lat' dir='ltr'>statuisse</span> <span class='ocrx_word' id='word_1_204' title='bbox 734 2278 904 2346; x_wconf 85' lang='lat' dir='ltr'>videamiui;</span> <span class='ocrx_word' id='word_1_205' title='bbox 933 2275 1000 2332; x_wconf 78' lang='lat' dir='ltr'>cum</span> <span class='ocrx_word' id='word_1_206' title='bbox 1024 2276 1113 2334; x_wconf 87' lang='lat' dir='ltr'>multd</span> <span class='ocrx_word' id='word_1_207' title='bbox 1128 2290 1163 2346; x_wconf 70' lang='lat'>25</span> 
     </span>
     <span class='ocr_line' id='line_1_27' title="bbox 151 2353 1113 2431; baseline 0 -19"><span class='ocrx_word' id='word_1_208' title='bbox 151 2357 241 2431; x_wconf 84' lang='lat' dir='ltr'>magis</span> <span class='ocrx_word' id='word_1_209' title='bbox 252 2357 289 2412; x_wconf 89' lang='lat' dir='ltr'>sit</span> <span class='ocrx_word' id='word_1_210' title='bbox 297 2357 460 2425; x_wconf 82' lang='lat' dir='ltr'>verendum,</span> <span class='ocrx_word' id='word_1_211' title='bbox 469 2374 516 2425; x_wconf 91' lang='lat' dir='ltr'>ne,</span> <span class='ocrx_word' id='word_1_212' title='bbox 525 2355 798 2429; x_wconf 61' lang='lat' dir='ltr'>remissione&#39;dtenae,</span> <span class='ocrx_word' id='word_1_213' title='bbox 807 2353 936 2412; x_wconf 89' lang='lat' dir='ltr'>crudeles</span> <span class='ocrx_word' id='word_1_214' title='bbox 945 2353 975 2412; x_wconf 90' lang='lat' dir='ltr'>iu</span> <span class='ocrx_word' id='word_1_215' title='bbox 983 2355 1113 2429; x_wconf 87' lang='lat' dir='ltr'>patriam,</span> 
     </span>
     <span class='ocr_line' id='line_1_28' title="bbox 148 2429 1113 2507; baseline -0.002 -17"><span class='ocrx_word' id='word_1_216' title='bbox 148 2429 236 2507; x_wconf 76' lang='lat' dir='ltr'>qudm</span> <span class='ocrx_word' id='word_1_217' title='bbox 260 2453 307 2506; x_wconf 89' lang='lat' dir='ltr'>ne,</span> <span class='ocrx_word' id='word_1_218' title='bbox 321 2433 469 2490; x_wconf 84' lang='lat' dir='ltr'>severitate</span> <span class='ocrx_word' id='word_1_219' title='bbox 493 2433 756 2506; x_wconf 84' lang='lat' dir='ltr'>animadversionis,</span> <span class='ocrx_word' id='word_1_220' title='bbox 770 2433 857 2490; x_wconf 89' lang='lat' dir='ltr'>nimis</span> <span class='ocrx_word' id='word_1_221' title='bbox 879 2433 1059 2490; x_wconf 87' lang='lat' dir='ltr'>vehementes</span> <span class='ocrx_word' id='word_1_222' title='bbox 1083 2433 1113 2489; x_wconf 89' lang='lat' dir='ltr'>in</span> 
     </span>
     <span class='ocr_line' id='line_1_29' title="bbox 143 2503 732 2584; baseline -0.005 -14"><span class='ocrx_word' id='word_1_223' title='bbox 143 2503 346 2584; x_wconf 71' lang='lat' dir='ltr'>acerbissimos</span> <span class='ocrx_word' id='word_1_224' title='bbox 360 2511 463 2580; x_wconf 90' lang='lat' dir='ltr'>hostes,</span> <span class='ocrx_word' id='word_1_225' title='bbox 479 2510 565 2566; x_wconf 86' lang='lat' dir='ltr'>luisse</span> <span class='ocrx_word' id='word_1_226' title='bbox 581 2511 732 2567; x_wconf 82' lang='lat' dir='ltr'>videamur.</span> 
     </span>
    </p>

    <p class='ocr_par' dir='ltr' id='par_1_5' title="bbox 141 2585 1166 3500">
     <span class='ocr_line' id='line_1_30' title="bbox 190 2585 1166 2660; baseline 0.007 -22"><span class='ocrx_word' id='word_1_227' title='bbox 190 2585 257 2641; x_wconf 89' lang='lat' dir='ltr'>VII.</span> <span class='ocrx_word' id='word_1_228' title='bbox 299 2587 357 2642; x_wconf 84' lang='lat' dir='ltr'>Sed</span> <span class='ocrx_word' id='word_1_229' title='bbox 370 2603 480 2657; x_wconf 77' lang='lat' dir='ltr'>eaquae</span> <span class='ocrx_word' id='word_1_230' title='bbox 495 2587 626 2654; x_wconf 85' lang='lat' dir='ltr'>exaudio,</span> <span class='ocrx_word' id='word_1_231' title='bbox 641 2585 740 2642; x_wconf 88' lang='lat' dir='ltr'>Patres</span> <span class='ocrx_word' id='word_1_232' title='bbox 753 2586 1111 2660; x_wconf 84' lang='lat' dir='ltr'>Conscripti,dissimulare</span> <span class='ocrx_word' id='word_1_233' title='bbox 1163 2593 1166 2600; x_wconf 81' lang='grc'><em>’</em></span> 
     </span>
     <span class='ocr_line' id='line_1_31' title="bbox 150 2660 1163 2734; baseline 0 -16"><span class='ocrx_word' id='word_1_234' title='bbox 150 2679 209 2718; x_wconf 87' lang='lat' dir='ltr'>non</span> <span class='ocrx_word' id='word_1_235' title='bbox 223 2678 346 2734; x_wconf 89' lang='lat' dir='ltr'>possum.</span> <span class='ocrx_word' id='word_1_236' title='bbox 388 2660 539 2712; x_wconf 86' lang='lat' dir='ltr'>Jaciuntur</span> <span class='ocrx_word' id='word_1_237' title='bbox 553 2661 631 2712; x_wconf 89' lang='lat' dir='ltr'>euim</span> <span class='ocrx_word' id='word_1_238' title='bbox 645 2677 738 2727; x_wconf 90' lang='lat' dir='ltr'>voces,</span> <span class='ocrx_word' id='word_1_239' title='bbox 752 2679 814 2730; x_wconf 73' lang='lat' dir='ltr'>quar</span> <span class='ocrx_word' id='word_1_240' title='bbox 828 2663 997 2732; x_wconf 86' lang='lat' dir='ltr'>perveniunt</span> <span class='ocrx_word' id='word_1_241' title='bbox 1010 2663 1045 2716; x_wconf 88' lang='lat' dir='ltr'>ad</span> <span class='ocrx_word' id='word_1_242' title='bbox 1067 2682 1114 2718; x_wconf 90' lang='lat' dir='ltr'>au·</span> <span class='ocrx_word' id='word_1_243' title='bbox 1127 2673 1163 2728; x_wconf 81' lang='lat'>30</span> 
     </span>
     <span class='ocr_line' id='line_1_32' title="bbox 141 2733 1114 2810; baseline -0.001 -16"><span class='ocrx_word' id='word_1_244' title='bbox 141 2745 195 2795; x_wconf 82' lang='lat' dir='ltr'>‘res</span> <span class='ocrx_word' id='word_1_245' title='bbox 208 2756 297 2807; x_wconf 86' lang='lat' dir='ltr'>meas,</span> <span class='ocrx_word' id='word_1_246' title='bbox 311 2753 409 2792; x_wconf 89' lang='lat' dir='ltr'>eorum</span> <span class='ocrx_word' id='word_1_247' title='bbox 422 2734 471 2806; x_wconf 91' lang='lat' dir='ltr'>qui</span> <span class='ocrx_word' id='word_1_248' title='bbox 486 2734 573 2789; x_wconf 87' lang='lat' dir='ltr'>vereri</span> <span class='ocrx_word' id='word_1_249' title='bbox 589 2733 728 2804; x_wconf 90' lang='lat' dir='ltr'>videntur,</span> <span class='ocrx_word' id='word_1_250' title='bbox 742 2745 774 2790; x_wconf 89' lang='lat' dir='ltr'>ut</span> <span class='ocrx_word' id='word_1_251' title='bbox 787 2734 905 2791; x_wconf 85' lang='lat' dir='ltr'>habeam</span> <span class='ocrx_word' id='word_1_252' title='bbox 930 2737 999 2792; x_wconf 87' lang='lat' dir='ltr'>satis</span> <span class='ocrx_word' id='word_1_253' title='bbox 1020 2737 1114 2810; x_wconf 73' lang='lat' dir='ltr'>presi·</span> 
     </span>
     <span class='ocr_line' id='line_1_33' title="bbox 149 2810 1111 2887; baseline -0.001 -17"><span class='ocrx_word' id='word_1_254' title='bbox 149 2816 201 2886; x_wconf 88' lang='lat' dir='ltr'>dii,</span> <span class='ocrx_word' id='word_1_255' title='bbox 216 2815 252 2870; x_wconf 88' lang='lat' dir='ltr'>ad</span> <span class='ocrx_word' id='word_1_256' title='bbox 276 2831 319 2884; x_wconf 85' lang='lat' dir='ltr'>ea,</span> <span class='ocrx_word' id='word_1_257' title='bbox 344 2830 407 2886; x_wconf 83' lang='lat' dir='ltr'>quae</span> <span class='ocrx_word' id='word_1_258' title='bbox 429 2829 478 2867; x_wconf 82' lang='lat' dir='ltr'>vos</span> <span class='ocrx_word' id='word_1_259' title='bbox 502 2810 656 2868; x_wconf 87' lang='lat' dir='ltr'>statueritis</span> <span class='ocrx_word' id='word_1_260' title='bbox 679 2811 816 2870; x_wconf 91' lang='lat' dir='ltr'>hodierno</span> <span class='ocrx_word' id='word_1_261' title='bbox 839 2813 895 2884; x_wconf 91' lang='lat' dir='ltr'>die,</span> <span class='ocrx_word' id='word_1_262' title='bbox 921 2813 1111 2887; x_wconf 85' lang='lat' dir='ltr'>transigenda.</span> 
     </span>
     <span class='ocr_line' id='line_1_34' title="bbox 147 2889 1113 2966; baseline 0.001 -20"><span class='ocrx_word' id='word_1_263' title='bbox 147 2891 255 2948; x_wconf 90' lang='lat' dir='ltr'>Omnia</span> <span class='ocrx_word' id='word_1_264' title='bbox 271 2902 300 2948; x_wconf 89' lang='lat' dir='ltr'>et</span> <span class='ocrx_word' id='word_1_265' title='bbox 315 2890 426 2966; x_wconf 83' lang='lat' dir='ltr'>provisa</span> <span class='ocrx_word' id='word_1_266' title='bbox 444 2898 473 2944; x_wconf 90' lang='lat' dir='ltr'>et</span> <span class='ocrx_word' id='word_1_267' title='bbox 494 2899 590 2962; x_wconf 85' lang='lat' dir='ltr'>parata</span> <span class='ocrx_word' id='word_1_268' title='bbox 611 2898 640 2944; x_wconf 91' lang='lat' dir='ltr'>et</span> <span class='ocrx_word' id='word_1_269' title='bbox 662 2890 815 2946; x_wconf 87' lang='lat' dir='ltr'>constituta</span> <span class='ocrx_word' id='word_1_270' title='bbox 828 2901 904 2960; x_wconf 87' lang='lat' dir='ltr'>sunt,</span> <span class='ocrx_word' id='word_1_271' title='bbox 917 2889 1014 2948; x_wconf 84' lang='lat' dir='ltr'>Patres</span> <span class='ocrx_word' id='word_1_272' title='bbox 1038 2891 1113 2948; x_wconf 90' lang='lat' dir='ltr'>Con·</span> 
     </span>
     <span class='ocr_line' id='line_1_35' title="bbox 145 2964 1110 3043; baseline -0.001 -17"><span class='ocrx_word' id='word_1_273' title='bbox 145 2970 255 3043; x_wconf 88' lang='lat' dir='ltr'>scripti,</span> <span class='ocrx_word' id='word_1_274' title='bbox 270 2965 337 3026; x_wconf 80' lang='lat' dir='ltr'>oiim</span> <span class='ocrx_word' id='word_1_275' title='bbox 362 2967 427 3024; x_wconf 71' lang='lat' dir='ltr'>med</span> <span class='ocrx_word' id='word_1_276' title='bbox 442 2966 553 3022; x_wconf 64' lang='lat' dir='ltr'>summa</span> <span class='ocrx_word' id='word_1_277' title='bbox 578 2964 648 3020; x_wconf 77' lang='lat' dir='ltr'>curs</span> <span class='ocrx_word' id='word_1_278' title='bbox 668 2976 750 3043; x_wconf 85' lang='lat' dir='ltr'>atque</span> <span class='ocrx_word' id='word_1_279' title='bbox 765 2967 922 3040; x_wconf 66' lang='lat' dir='ltr'>diligentia,</span> <span class='ocrx_word' id='word_1_280' title='bbox 936 2977 997 3024; x_wconf 89' lang='lat' dir='ltr'>tum</span> <span class='ocrx_word' id='word_1_281' title='bbox 1021 2966 1110 3025; x_wconf 83' lang='lat' dir='ltr'>multd</span> 
     </span>
     <span class='ocr_line' id='line_1_36' title="bbox 142 3041 1161 3120; baseline 0 -17"><span class='ocrx_word' id='word_1_282' title='bbox 142 3047 232 3112; x_wconf 77' lang='lat' dir='ltr'>,etiam</span> <span class='ocrx_word' id='word_1_283' title='bbox 244 3046 349 3120; x_wconf 82' lang='lat' dir='ltr'>majore</span> <span class='ocrx_word' id='word_1_284' title='bbox 363 3043 459 3119; x_wconf 87' lang='lat' dir='ltr'>populi</span> <span class='ocrx_word' id='word_1_285' title='bbox 474 3041 609 3112; x_wconf 82' lang='lat' dir='ltr'>Romani,</span> <span class='ocrx_word' id='word_1_286' title='bbox 621 3042 656 3096; x_wconf 89' lang='lat' dir='ltr'>ad</span> <span class='ocrx_word' id='word_1_287' title='bbox 670 3061 811 3096; x_wconf 89' lang='lat' dir='ltr'>summum</span> <span class='ocrx_word' id='word_1_288' title='bbox 827 3043 976 3115; x_wconf 87' lang='lat' dir='ltr'>imperium</span> <span class='ocrx_word' id='word_1_289' title='bbox 990 3045 1111 3104; x_wconf 84' lang='lat' dir='ltr'>retinen·</span> <span class='ocrx_word' id='word_1_290' title='bbox 1125 3055 1161 3110; x_wconf 76' lang='grc'>35</span> 
     </span>
     <span class='ocr_line' id='line_1_37' title="bbox 145 3117 1111 3192; baseline -0.003 -11"><span class='ocrx_word' id='word_1_291' title='bbox 145 3125 224 3192; x_wconf 91' lang='lat' dir='ltr'>dum,</span> <span class='ocrx_word' id='word_1_292' title='bbox 235 3123 310 3180; x_wconf 86' lang='lat' dir='ltr'>etad</span> <span class='ocrx_word' id='word_1_293' title='bbox 322 3138 488 3179; x_wconf 89' lang='lat' dir='ltr'>communes</span> <span class='ocrx_word' id='word_1_294' title='bbox 505 3120 630 3176; x_wconf 83' lang='lat' dir='ltr'>fortunas</span> <span class='ocrx_word' id='word_1_295' title='bbox 643 3117 859 3188; x_wconf 82' lang='lat' dir='ltr'>conservandas,</span> <span class='ocrx_word' id='word_1_296' title='bbox 871 3118 1021 3176; x_wconf 86' lang='lat' dir='ltr'>voluntate.</span> <span class='ocrx_word' id='word_1_297' title='bbox 1042 3119 1111 3178; x_wconf 88' lang='lat' dir='ltr'>Om-</span> 
     </span>
     <span class='ocr_line' id='line_1_38' title="bbox 146 3195 1111 3269; baseline -0.003 -13"><span class='ocrx_word' id='word_1_298' title='bbox 146 3219 199 3256; x_wconf 90' lang='lat' dir='ltr'>nes</span> <span class='ocrx_word' id='word_1_299' title='bbox 214 3202 316 3256; x_wconf 85' lang='lat' dir='ltr'>adsunt</span> <span class='ocrx_word' id='word_1_300' title='bbox 329 3199 458 3264; x_wconf 85' lang='lat' dir='ltr'>omnium</span> <span class='ocrx_word' id='word_1_301' title='bbox 471 3197 603 3254; x_wconf 92' lang='lat' dir='ltr'>ordinum</span> <span class='ocrx_word' id='word_1_302' title='bbox 617 3195 757 3266; x_wconf 89' lang='lat' dir='ltr'>homiues,</span> <span class='ocrx_word' id='word_1_303' title='bbox 767 3196 894 3254; x_wconf 89' lang='lat' dir='ltr'>omnium</span> <span class='ocrx_word' id='word_1_304' title='bbox 909 3195 1032 3269; x_wconf 87' lang='lat' dir='ltr'>denique</span> <span class='ocrx_word' id='word_1_305' title='bbox 1047 3209 1111 3254; x_wconf 84' lang='lat' dir='ltr'>aeta·</span> 
     </span>
     <span class='ocr_line' id='line_1_39' title="bbox 141 3273 1110 3348; baseline 0.005 -20"><span class='ocrx_word' id='word_1_306' title='bbox 141 3281 229 3335; x_wconf 64' lang='lat' dir='ltr'>&#39;&#39;turnz</span> <span class='ocrx_word' id='word_1_307' title='bbox 248 3277 362 3347; x_wconf 66' lang='lat' dir='ltr'>plenum</span> <span class='ocrx_word' id='word_1_308' title='bbox 377 3285 421 3331; x_wconf 86' lang='lat' dir='ltr'>est</span> <span class='ocrx_word' id='word_1_309' title='bbox 435 3275 535 3345; x_wconf 82' lang='lat' dir='ltr'>lorum,</span> <span class='ocrx_word' id='word_1_310' title='bbox 544 3274 628 3348; x_wconf 84' lang='lat' dir='ltr'>plena</span> <span class='ocrx_word' id='word_1_311' title='bbox 642 3273 745 3347; x_wconf 87' lang='lat' dir='ltr'>templa</span> <span class='ocrx_word' id='word_1_312' title='bbox 759 3273 836 3328; x_wconf 85' lang='lat' dir='ltr'>circa</span> <span class='ocrx_word' id='word_1_313' title='bbox 851 3273 952 3342; x_wconf 90' lang='lat' dir='ltr'>forum,</span> <span class='ocrx_word' id='word_1_314' title='bbox 962 3273 1038 3346; x_wconf 88' lang='lat' dir='ltr'>pleni</span> <span class='ocrx_word' id='word_1_315' title='bbox 1052 3293 1110 3333; x_wconf 90' lang='lat' dir='ltr'>cm·</span> 
     </span>
     <span class='ocr_line' id='line_1_40' title="bbox 143 3349 1110 3425; baseline 0.007 -23"><span class='ocrx_word' id='word_1_316' title='bbox 143 3367 202 3422; x_wconf 66' lang='lat' dir='ltr'>pes</span> <span class='ocrx_word' id='word_1_317' title='bbox 221 3351 312 3405; x_wconf 89' lang='lat' dir='ltr'>aditus</span> <span class='ocrx_word' id='word_1_318' title='bbox 324 3353 408 3424; x_wconf 82' lang='lat' dir='ltr'>hujus</span> <span class='ocrx_word' id='word_1_319' title='bbox 421 3353 476 3408; x_wconf 93' lang='lat' dir='ltr'>loci</span> <span class='ocrx_word' id='word_1_320' title='bbox 499 3371 533 3407; x_wconf 83' lang='lat' dir='ltr'>ao</span> <span class='ocrx_word' id='word_1_321' title='bbox 553 3351 659 3425; x_wconf 91' lang='lat' dir='ltr'>templi.</span> <span class='ocrx_word' id='word_1_322' title='bbox 701 3350 796 3406; x_wconf 85' lang='lat' dir='ltr'>Causa</span> <span class='ocrx_word' id='word_1_323' title='bbox 818 3349 895 3404; x_wconf 71' lang='lat' dir='ltr'>enirn</span> <span class='ocrx_word' id='word_1_324' title='bbox 909 3360 962 3419; x_wconf 88' lang='lat' dir='ltr'>est,</span> <span class='ocrx_word' id='word_1_325' title='bbox 976 3362 1038 3423; x_wconf 63' lang='lat' dir='ltr'>{rost</span> <span class='ocrx_word' id='word_1_326' title='bbox 1058 3351 1110 3409; x_wconf 89' lang='lat' dir='ltr'>Ur·</span> 
     </span>
     <span class='ocr_line' id='line_1_41' title="bbox 147 3411 1159 3500; baseline 0.004 -18"><span class='ocrx_word' id='word_1_327' title='bbox 147 3411 215 3482; x_wconf 91' lang='lat' dir='ltr'>bem</span> <span class='ocrx_word' id='word_1_328' title='bbox 227 3425 379 3493; x_wconf 89' lang='lat' dir='ltr'>conditam,</span> <span class='ocrx_word' id='word_1_329' title='bbox 388 3427 450 3480; x_wconf 85' lang='lat' dir='ltr'>haec</span> <span class='ocrx_word' id='word_1_330' title='bbox 460 3429 573 3484; x_wconf 86' lang='lat' dir='ltr'>inventa</span> <span class='ocrx_word' id='word_1_331' title='bbox 583 3428 651 3496; x_wconf 79' lang='lat' dir='ltr'>sola,</span> <span class='ocrx_word' id='word_1_332' title='bbox 660 3428 689 3482; x_wconf 93' lang='lat' dir='ltr'>in</span> <span class='ocrx_word' id='word_1_333' title='bbox 700 3427 755 3500; x_wconf 74' lang='lat' dir='ltr'>qud</span> <span class='ocrx_word' id='word_1_334' title='bbox 764 3445 864 3482; x_wconf 89' lang='lat' dir='ltr'>omnes</span> <span class='ocrx_word' id='word_1_335' title='bbox 870 3426 1009 3483; x_wconf 85' lang='lat' dir='ltr'>sentirent</span> <span class='ocrx_word' id='word_1_336' title='bbox 1019 3446 1109 3486; x_wconf 91' lang='lat' dir='ltr'>unum</span> <span class='ocrx_word' id='word_1_337' title='bbox 1122 3437 1159 3490; x_wconf 81' lang='lat'>40</span> 
     </span>
    </p>
   </div>
   <div class='ocr_carea' id='block_1_3' title="bbox 100 3499 1110 3812">
    <p class='ocr_par' dir='ltr' id='par_1_6' title="bbox 100 3499 1110 3812">
     <span class='ocr_line' id='line_1_42' title="bbox 146 3499 1109 3578; baseline 0.001 -17"><span class='ocrx_word' id='word_1_338' title='bbox 146 3513 233 3578; x_wconf 84' lang='lat' dir='ltr'>atque</span> <span class='ocrx_word' id='word_1_339' title='bbox 247 3502 332 3572; x_wconf 84' lang='lat' dir='ltr'>idem,</span> <span class='ocrx_word' id='word_1_340' title='bbox 346 3511 447 3576; x_wconf 84' lang='lat' dir='ltr'>praeter</span> <span class='ocrx_word' id='word_1_341' title='bbox 461 3519 517 3569; x_wconf 90' lang='lat' dir='ltr'>eos,</span> <span class='ocrx_word' id='word_1_342' title='bbox 531 3499 589 3572; x_wconf 91' lang='lat' dir='ltr'>qui&#39;,</span> <span class='ocrx_word' id='word_1_343' title='bbox 603 3499 670 3557; x_wconf 79' lang='lat' dir='ltr'>&#39;crim</span> <span class='ocrx_word' id='word_1_344' title='bbox 693 3504 746 3558; x_wconf 87' lang='lat' dir='ltr'>sibi</span> <span class='ocrx_word' id='word_1_345' title='bbox 766 3503 895 3558; x_wconf 87' lang='lat' dir='ltr'>viderent</span> <span class='ocrx_word' id='word_1_346' title='bbox 908 3521 969 3560; x_wconf 88' lang='lat' dir='ltr'>esse</span> <span class='ocrx_word' id='word_1_347' title='bbox 989 3523 1109 3578; x_wconf 89' lang='lat' dir='ltr'>pereun-</span> 
     </span>
     <span class='ocr_line' id='line_1_43' title="bbox 100 3572 1110 3653; baseline -0.004 -15"><span class='ocrx_word' id='word_1_348' title='bbox 100 3607 105 3616; x_wconf 90' lang='lat'><em>·</em></span> <span class='ocrx_word' id='word_1_349' title='bbox 146 3583 226 3653; x_wconf 91' lang='lat' dir='ltr'>dum,</span> <span class='ocrx_word' id='word_1_350' title='bbox 241 3597 307 3639; x_wconf 81' lang='lat' dir='ltr'>cum</span> <span class='ocrx_word' id='word_1_351' title='bbox 319 3577 454 3636; x_wconf 82' lang='lat' dir='ltr'>omnibus</span> <span class='ocrx_word' id='word_1_352' title='bbox 467 3572 658 3649; x_wconf 69' lang='lat' dir='ltr'>potiusquam</span> <span class='ocrx_word' id='word_1_353' title='bbox 669 3578 720 3633; x_wconf 88' lang='lat' dir='ltr'>soli</span> <span class='ocrx_word' id='word_1_354' title='bbox 733 3579 824 3651; x_wconf 88' lang='lat' dir='ltr'>perire</span> <span class='ocrx_word' id='word_1_355' title='bbox 838 3580 995 3636; x_wconf 81' lang='lat' dir='ltr'>voluerunt.</span> <span class='ocrx_word' id='word_1_356' title='bbox 1021 3581 1110 3636; x_wconf 85' lang='lat' dir='ltr'>·Hoa-</span> 
     </span>
     <span class='ocr_line' id='line_1_44' title="bbox 141 3653 1109 3734; baseline -0.008 -19"><span class='ocrx_word' id='word_1_357' title='bbox 141 3678 180 3726; x_wconf 69' lang='lat' dir='ltr'>¹ce</span> <span class='ocrx_word' id='word_1_358' title='bbox 194 3661 252 3734; x_wconf 63' lang='lat' dir='ltr'>ego</span> <span class='ocrx_word' id='word_1_359' title='bbox 265 3657 395 3714; x_wconf 85' lang='lat' dir='ltr'>homines</span> <span class='ocrx_word' id='word_1_360' title='bbox 408 3653 520 3732; x_wconf 69' lang='lat' dir='ltr'>excipio</span> <span class='ocrx_word' id='word_1_361' title='bbox 533 3661 562 3708; x_wconf 88' lang='lat' dir='ltr'>ct</span> <span class='ocrx_word' id='word_1_362' title='bbox 576 3671 695 3708; x_wconf 85' lang='lat' dir='ltr'>secerno</span> <span class='ocrx_word' id='word_1_363' title='bbox 715 3653 852 3712; x_wconf 88' lang='lat' dir='ltr'>libenter:</span> <span class='ocrx_word' id='word_1_364' title='bbox 871 3653 965 3729; x_wconf 59' lang='lat' dir='ltr'>&#39;neque</span> <span class='ocrx_word' id='word_1_365' title='bbox 987 3656 1064 3711; x_wconf 87' lang='lat' dir='ltr'>enim</span> <span class='ocrx_word' id='word_1_366' title='bbox 1078 3656 1109 3708; x_wconf 90' lang='lat' dir='ltr'>in</span> 
     </span>
     <span class='ocr_line' id='line_1_45' title="bbox 145 3730 1110 3812; baseline -0.015 -18"><span class='ocrx_word' id='word_1_367' title='bbox 145 3735 339 3812; x_wconf 80' lang='lat' dir='ltr'>improborum</span> <span class='ocrx_word' id='word_1_368' title='bbox 357 3732 471 3812; x_wconf 84' lang='lat' dir='ltr'>civium,</span> <span class='ocrx_word' id='word_1_369' title='bbox 483 3730 533 3786; x_wconf 89' lang='lat' dir='ltr'>sed</span> <span class='ocrx_word' id='word_1_370' title='bbox 547 3730 577 3786; x_wconf 93' lang='lat' dir='ltr'>in</span> <span class='ocrx_word' id='word_1_371' title='bbox 591 3730 835 3788; x_wconf 82' lang='lat' dir='ltr'>acerbissimorum</span> <span class='ocrx_word' id='word_1_372' title='bbox 849 3733 982 3798; x_wconf 87' lang='lat' dir='ltr'>hostium,</span> <span class='ocrx_word' id='word_1_373' title='bbox 992 3741 1110 3782; x_wconf 82' lang='lat' dir='ltr'>nomem</span> 
     </span>
    </p>
   </div>
   <div class='ocr_carea' id='block_1_4' title="bbox 0 0 1276 4212">
    <p class='ocr_par' dir='ltr' id='par_1_7' title="bbox 0 0 1276 4212">
     <span class='ocr_line' id='line_1_46' title="bbox 0 0 1276 4212; baseline 0 2"><span class='ocrx_word' id='word_1_374' title='bbox 0 0 1276 4212; x_wconf 95' lang='lat' dir='ltr'> </span> 
     </span>
    </p>
   </div>
  </div>
 </body>
</html>
