2516 4204
136 317 192 378 118
360 313 495 394 oasmq
510 313 580 363 PRO
595 312 627 362 Τ.
644 310 756 362 ANNIO
772 309 920 361 MILONE.

221 453 317 514 XXV.
358 455 465 513 Omnia
475 455 545 512 falsa
557 465 641 529 atque
657 450 820 530 [insidiose]
836 453 903 508 ficta
913 462 1054 526 comperta
1063 465 1147 511 sunt

181 531 271 595 Quod
289 535 313 591 si
326 544 422 590 tamen
437 533 570 590 metuitur
584 533 669 588 etiam
683 549 761 587 nunc
774 530 854 602 Milo,
868 547 926 586 non
940 530 995 586 boc
1005 529 1064 604 jam
1075 530 1146 589 Glo-

182 611 299 669 dianum
321 611 430 668 crimen
452 611 600 678 timemus;
622 610 672 666 sed
693 619 766 679 tuas,
787 607 841 664 Cn.
860 606 986 682 Pompei,
1002 605 1043 683 (te
1064 609 1146 664 euim

180 689 238 764 jam
252 688 362 763 appello
375 688 410 744 el
424 705 504 758 voce,
515 698 547 744 ut
559 705 605 744 me
620 686 717 742 audire
730 685 836 762 possis)
851 697 922 756 tuas,
933 695 1005 754 tuas,
1017 684 1146 758 inquam,

150 775 169 827 5
183 766 361 840 suspiciones
374 763 620 840 perhorrescimus.
675 764 707 819 si
721 762 859 820 Milonem
873 762 965 832 times,
976 762 1001 817 si
1014 763 1089 818 hunc
1102 764 1147 819 de

183 843 233 900 tnl
255 844 311 900 vitl
332 840 440 900 nelarie
465 853 513 916 aut
530 859 609 897 nunc
627 842 762 915 cogitare,
778 851 828 897 aut
847 839 972 896 molitum
993 839 1147 912 aliquando

182 919 296 990 aliquid,
311 929 408 991 putas;
429 918 454 972 si
476 917 566 972 Italiae
588 918 724 987 delectus,
739 919 784 990 (ut
797 917 926 975 nonnulli
940 917 1145 990 conquisitores

110 1000 116 1034 ⁴
182 995 223 1050 tui
234 993 378 1070 dictitant)
390 994 414 1050 si
428 994 490 1052 baec
504 1011 591 1065 mma,
602 995 626 1050 si
637 994 805 1068 Capitolinae
816 995 956 1066 cobortes,
968 995 991 1050 si
1002 995 1143 1066 excubiae,

183 1071 207 1128 si
221 1071 335 1146 vigiliae,
350 1071 373 1127 si
388 1071 499 1129 delecta
516 1073 658 1148 juventus,
671 1089 734 1145 quae
754 1082 834 1128 tuum
857 1090 958 1147 corpus
972 1073 1145 1145 domumque

133 1155 167 1210 10
184 1149 315 1220 custodit,
330 1160 427 1206 eontra
442 1147 558 1205 Milonis
573 1150 709 1224 impeturn
732 1159 839 1206 armata
852 1160 904 1221 est,
919 1161 1002 1224 atque
1023 1149 1070 1204 illa
1083 1167 1143 1205 om-

182 1225 232 1281 nia
245 1226 274 1280 in
290 1226 366 1302 hune
387 1243 474 1282 unum
497 1226 634 1296 instituta,
649 1237 755 1300 parata,
769 1227 877 1284 intenta
891 1238 972 1295 sunt;
994 1244 1096 1300 magna
1111 1225 1146 1281 in

182 1301 238 1357 boc
251 1300 329 1357 certe
343 1302 394 1372 vis,
408 1312 437 1358 et
450 1303 626 1359 incredibilis
641 1304 763 1374 animus,
777 1315 806 1360 et
823 1323 880 1362 non
902 1305 988 1360 unius
1002 1304 1053 1359 viri
1069 1303 1147 1358 vires

181 1387 264 1451 atque
278 1397 347 1454 opes
368 1379 539 1451 indicantur,
553 1381 694 1454 siquidem
714 1381 744 1438 in
766 1382 843 1438 hunc
857 1399 946 1438 unum
967 1392 996 1438 et
1009 1390 1148 1456 prestan-

181 1455 306 1513 tissimus
319 1458 377 1514 dux
389 1457 507 1528 electus,
520 1469 550 1515 et
563 1469 622 1515 tcta
633 1459 794 1534 respublica
806 1470 913 1516 armata
925 1470 975 1516 est.

132 1543 167 1597 15
222 1533 280 1591 Sed
293 1537 356 1604 quis
366 1536 579 1603 nonimelligit,
589 1555 689 1588 omnes
700 1537 750 1586 tibi
763 1537 924 1602 reipublicae
937 1546 1040 1603 partes,
1052 1553 1151 1606 agras

182 1618 211 1664 et
230 1607 366 1676 labantes,
386 1617 417 1661 ut
436 1625 485 1660 eas
506 1606 550 1660 his
571 1607 657 1660 armis
679 1623 793 1660 sanares
817 1615 845 1659 ct
869 1605 1058 1676 confirmares,
1078 1625 1151 1666 esse

181 1683 364 1737 commissssl
402 1677 492 1736 Quod
514 1679 538 1732 si
560 1677 662 1733 Miloni
683 1679 764 1733 locus
785 1680 866 1734 datus
888 1691 970 1748 esset,
992 1684 1155 1753 probasset

179 1751 304 1831 profecto
318 1754 368 1809 tibi
382 1754 391 1809 i
412 1753 446 1824 si,
460 1753 604 1809 neminem
619 1771 746 1826 unquam
765 1753 906 1810 bominem
928 1756 1035 1812 homini
1048 1759 1154 1819 cario·

180 1851 239 1890 rem
251 1831 347 1901 fuisse,
355 1773 439 1904 quim
451 1840 479 1887 tc
488 1829 556 1898 sibi;
570 1830 679 1887 nullum
690 1849 721 1887 se
729 1847 852 1905 unquam
862 1832 1020 1906 periculum
1029 1851 1082 1908 pro
1090 1839 1150 1895 tus

128 1923 165 1976 ,w
180 1909 317 1984 dignitate
329 1907 451 1982 fugissc3
472 1925 538 1964 cum
550 1907 599 1966 ills
610 1909 671 1983 ipsti
682 1909 826 1966 teterrimi
836 1919 915 1983 peste
926 1910 1081 1984 saepissime
1090 1931 1150 1986 pro

178 1985 228 2041 tad
241 1983 330 2058 gloria
344 1985 542 2052 contendisse;
563 1986 737 2041 tribunatum
751 2003 833 2040 suum
855 1987 890 2041 ad
904 1987 1023 2044 salutem
1036 2006 1147 2064 meam,

177 2079 239 2135 quae
253 2061 304 2116 tibi
318 2060 463 2132 carissima
477 2059 584 2131 fuisset,
596 2061 723 2116 consiliis
736 2062 792 2116 tuis
805 2061 994 2136 gubernatum
1007 2085 1014 2134 ;
1036 2085 1066 2123 se
1080 2086 1097 2122 a
1113 2079 1147 2125 te

176 2149 273 2214 postea
283 2138 432 2196 defensum
444 2137 472 2194 in
484 2137 611 2213 periculo
622 2137 733 2213 capitis,
746 2138 872 2213 adjutum
884 2141 914 2197 in
925 2143 1060 2217 petitione
1070 2163 1147 2218 praa-

178 2229 265 2285 turae;
288 2219 358 2276 duos
378 2235 408 2274 se
429 2215 533 2274 habere
555 2235 666 2291 semper
687 2216 873 2275 amicissimos
893 2220 1032 2294 sperdsse,
1047 2231 1076 2276 te
1089 2231 1146 2282 tuo

127 2313 163 2365 25
179 2297 327 2366 beneficio,
342 2313 388 2352 me
402 2313 460 2352 suo.
500 2293 577 2355 Qum
592 2295 615 2350 si
629 2313 687 2351 non
701 2295 831 2368 probaret
839 2315 847 2364 ;
869 2297 893 2352 si
906 2297 959 2353 tibi
974 2299 1013 2355 its
1025 2296 1145 2372 penitus

178 2373 337 2428 inhaesisset
357 2373 411 2426 ista
430 2371 562 2443 suspicio,
578 2371 657 2426 nullo
676 2381 708 2426 nt
726 2373 808 2427 evelli
822 2374 910 2429 modo
924 2386 1034 2448 posset;
1055 2377 1080 2431 si
1093 2376 1145 2433 de·

177 2448 263 2521 nique
284 2446 366 2502 Italia
386 2465 404 2502 a
423 2446 545 2518 delectu,
567 2445 641 2502 Urbs
662 2446 698 2500 ab
716 2448 811 2518 ermis,
828 2448 891 2503 sine
911 2447 1029 2504 Milonis
1048 2452 1145 2526 clade,

178 2543 322 2599 nunqnam
337 2535 412 2581 esset
425 2524 627 2598 conquietura;
648 2541 693 2580 uae
704 2523 757 2580 iste
771 2525 846 2580 hand
860 2525 994 2582 dubitans
1007 2527 1145 2586 cessisset

178 2603 279 2682 patriti,
295 2603 329 2676 is,
342 2603 390 2679 qui
413 2603 451 2660 ita
464 2613 548 2658 natus
568 2613 621 2672 est,
639 2601 722 2658 etita
735 2603 897 2673 consuevit3
918 2614 956 2675 tc,
971 2601 1087 2677 Magne,
1100 2616 1146 2663 ta·

128 2699 164 2756 ³0
180 2701 246 2742 men
260 2693 461 2750 antestaretnr3
483 2681 559 2755 quod
570 2699 648 2737 nunc
661 2679 746 2737 etiam
758 2679 833 2739 lacit.

219 2759 332 2816 XXVI.
367 2761 452 2826 Vide,
466 2756 550 2828 qulm
565 2758 601 2812 sit
615 2758 691 2812 varia
705 2759 769 2812 vitae
787 2759 1044 2832 commutabilisque
1056 2757 1146 2832 ratio,

119 2830 135 2856 ’
179 2833 264 2908 quarn
280 2851 350 2904 vega
365 2831 549 2898 volubilisque
570 2831 690 2896 fortuna,
704 2844 817 2900 quantae
836 2833 1016 2890 infidelitates
1029 2834 1058 2890 in
1072 2837 1144 2893 ami-

178 2909 230 2973 cis,
244 2903 329 2974 qudm
343 2904 379 2956 ad
393 2913 504 2972 tempus
518 2911 589 2972 aptae
610 2902 815 2973 simulationes,
829 2918 942 2976 quantae
962 2911 991 2964 in
1006 2911 1142 2984 periculis

179 2981 252 3053 llige
272 2977 473 3053 proximorum,
487 2985 599 3050 quante
620 2975 794 3033 timiditates.
836 2979 908 3051 Erit,
922 2985 975 3040 erit
995 2985 1065 3042 illud
1079 3007 1142 3064 pro·

128 3076 163 3129 35
179 3053 254 3114 fecto
269 3067 389 3130 tempus,
400 3064 430 3110 et
443 3053 591 3112 illucescet
610 3052 761 3126 aliquando
774 3053 821 3110 ille
835 3056 906 3127 dies,
928 3057 994 3116 crim
1009 3074 1050 3132 tu,
1065 3067 1142 3124 salu·

178 3136 286 3194 taribus
301 3132 346 3204 (ut
360 3130 454 3201 spero)
476 3131 561 3185 rebus
574 3130 639 3199 tuis,
661 3130 709 3184 sed
725 3129 839 3188 sortasse
860 3145 936 3188 motu
951 3136 1045 3208 aliquo
1063 3160 1142 3200 eom.

114 3259 117 3268 .
178 3209 307 3266 munium
329 3214 486 3275 temporum
509 3204 673 3273 immutatis,
698 3203 759 3278 (qui
787 3205 871 3281 quim
892 3207 992 3268 crebrd
1015 3217 1139 3291 accidat,

177 3280 285 3354 experti
299 3280 435 3337 debemus
449 3279 536 3356 scire)
559 3290 588 3336 et
601 3280 766 3339 amicissimi
787 3284 1021 3361 benerolentiam,
1034 3304 1064 3351 et
1077 3315 1140 3370 gra.

177 3359 283 3426 vissimi
298 3357 421 3417 hominis
434 3356 529 3430 tidem,
543 3367 572 3415 et
584 3358 671 3414 unius
683 3371 745 3434 post
756 3361 885 3420 homines
899 3379 979 3424 natos
992 3368 1138 3431 fortissimi

127 3457 163 3516 40
177 3437 230 3494 viri
244 3438 469 3514 magnitudinem
484 3436 581 3508 enimi,
595 3437 747 3495 desideres.

216 3513 390 3589 Quanquam
403 3516 467 3590 quis
481 3515 535 3574 hcc
550 3515 656 3587 credat,
671 3515 725 3572 Cn.
741 3516 917 3593 Pompeium,
935 3520 1007 3594 juris
1020 3525 1138 3598 publici,

177 3592 263 3652 moris
274 3592 419 3664 majorum,
433 3593 474 3648 rei
485 3593 608 3666 denique
618 3593 740 3668 publicae
751 3595 961 3672 peritissimum,
977 3597 1042 3656 clim
1056 3618 1139 3657 sena·

178 3679 223 3726 tus
234 3668 261 3724 ei
270 3667 451 3734 commiserit,
460 3677 491 3722 ut
500 3670 615 3738 videret,
627 3687 667 3724 ns
681 3687 754 3729 curn
765 3689 947 3728 assenarica
967 3694 1140 3734 usserman·

178 3761 210 3800 τι
224 3757 370 3809 crasans,
386 3739 454 3812 (quo
467 3759 524 3799 uno
537 3745 674 3800 versiculo
689 3746 757 3800 satis
772 3748 869 3804 armati
884 3767 993 3824 semper
1006 3754 1137 3810 consules

128 3827 166 3883 45
180 3820 302 3893 filerunt,
316 3817 402 3878 etiem
422 3815 507 3872 nullis
520 3821 604 3878 armis
617 3819 703 3894 datis)
729 3821 816 3896 hunc,
830 3825 965 3900 exercitu,
987 3827 1074 3901 hunc,
1088 3831 1138 3890 de·

469 4005 483 4038 q.
