2516 4204
126 327 185 387 ιω
427 317 563 369 onamo
580 318 619 368 m
635 318 672 368 u.
688 314 892 368 amomum

176 463 336 524 inclamant
350 479 409 520 non
421 471 525 538 potest,
538 479 575 518 nc
589 469 683 516 metus
701 458 814 534 quidem
835 472 852 514 t
872 453 1038 514 smdimimis
1055 455 1135 516 iactis

173 551 265 616 potest
286 541 428 598 avocarel
455 538 571 596 ludici·
584 557 642 594 non
656 536 765 593 metuis.
807 536 838 592 Si
852 544 966 609 propter
980 535 1134 592 innocenti·

174 635 232 686 am,
245 615 350 674 laudo:
370 618 394 674 si
414 627 526 692 propter
544 616 611 686 vim,
624 632 682 671 non
703 611 845 688 intelligis,
859 613 896 684 ei,
911 612 959 684 qut
979 612 1034 668 isto
1052 613 1134 669 modo

172 694 283 769 judicia
295 713 354 752 non
367 695 473 764 timeat,
487 694 554 767 quid
567 693 726 748 timendum
740 689 798 746 siti

143 775 161 826 5
216 769 307 832 Quod
327 773 352 828 si
371 791 429 829 non
450 771 552 828 metuis
565 770 639 826 viros
655 769 749 838 sortes,
762 767 944 846 egregiosque
956 766 1038 835 eires,
1052 763 1134 838 quaid

177 867 196 905 a
208 867 324 922 corpore
337 861 387 906 tuo
399 849 583 922 prohibentur
596 847 701 914 armis;
720 846 761 901 tui
783 856 821 915 te,
835 845 906 900 mihi
919 843 1009 912 crede,
1023 842 1133 912 diutius

175 943 234 982 non
249 925 346 980 ferent.
386 923 464 984 Quat
485 935 529 978 est
551 934 646 978 autem
661 923 727 992 vita,
741 923 802 978 dies
822 933 852 978 et
875 931 972 978 nomes
992 920 1133 976 timeret

174 1001 253 1056 auisl
273 1000 328 1056 nisi
338 996 405 1056 verb
416 1011 465 1056 aut
477 999 628 1074 rnajmibua
639 999 726 1054 habes
737 999 884 1054 benefieiis
894 999 1039 1072 obligatos,
1048 994 1130 1070 quim
1251 1041 1252 1044 η

176 1076 223 1134 ille
237 1077 372 1150 quosdam
394 1077 492 1134 habuit
512 1096 548 1133 ex
567 1077 613 1147 iis,
625 1095 642 1132 a
654 1076 757 1150 quibus
778 1086 821 1132 cst
837 1075 1020 1143 interfectus;
1041 1085 1088 1130 aut
1100 1083 1129 1129 tu

127 1154 162 1206 10
176 1173 208 1210 es
231 1153 289 1210 uttt
311 1171 343 1212 re
365 1173 434 1210 cum
452 1172 487 1210 ec
507 1154 721 1227 comparandus.
763 1153 832 1210 Fuit
854 1153 883 1209 in
908 1154 956 1209 illo
979 1152 1133 1227 ingenium,
1252 1223 1253 1228 ἵ

174 1231 258 1298 ratio,
277 1231 421 1298 meantia,
440 1230 539 1298 litere,
560 1248 638 1298 curra,
651 1230 794 1302 cogitatio,
810 1230 978 1304 diligentia:
999 1247 1043 1286 res
1060 1228 1135 1284 bello
1252 1239 1253 1254 ¹

174 1316 310 1380 gesserat,
321 1305 448 1378 quarnvis
468 1305 631 1378 reipublice
649 1305 838 1374 calamitosas,
853 1307 980 1362 attamen
1002 1323 1134 1380 magnas:

174 1383 277 1440 multos
290 1401 382 1440 annos
394 1401 512 1457 regnare
525 1383 689 1453 meditante,
702 1401 807 1457 magno
821 1383 927 1454 labora,
940 1384 1052 1458 magnis
1065 1383 1137 1456 perib

175 1460 259 1530 culis,
281 1460 356 1534 qued
382 1461 531 1534 cogitent,
553 1459 706 1516 effecerat:
738 1461 913 1531 muneribus,
937 1459 1137 1529 monumentis,

127 1535 163 1608 ¹1⁵
177 1538 338 1613 congiariis,
361 1537 464 1612 epulis,
486 1537 696 1594 multitudinem
720 1537 877 1612 inperitam
905 1538 1041 1594 lenierat:
1072 1555 1139 1592 suos

176 1617 310 1694 praemiis,
333 1615 509 1672 adversarios
532 1615 691 1674 clementie
713 1616 818 1689 specie,
843 1615 1012 1670 deuinxerat.
1054 1613 1141 1673 Quid

176 1693 287 1748 multat
317 1692 449 1752 attulerat
471 1691 529 1765 jam
553 1691 649 1749 iibere
673 1692 787 1761 civitati,
807 1691 906 1764 partim
929 1699 1016 1757 metu,
1030 1691 1144 1760 partim

176 1768 323 1842 patientiis,
337 1769 573 1826 consuetudinem
587 1769 735 1826 serviendi.

217 1844 325 1902 XLVI.
347 1845 422 1902 Cum
446 1846 495 1904 illo
517 1866 571 1921 ego
591 1858 624 1904 te
643 1846 808 1904 dominandi
831 1843 983 1918 cupiditate
1007 1841 1142 1898 conferre

128 1919 164 1974 2⁰
178 1943 311 1998 possum
343 1925 452 1980 ceteris
474 1920 541 1980 verb
564 1925 651 1980 rebus
669 1925 750 1980 nullo
769 1923 853 1980 modo
871 1939 903 1976 es
924 1919 1139 1992 comparandus.

179 2001 248 2068 Sed,
256 2018 292 2054 ex
302 2000 429 2070 plurimis
439 1999 530 2066 malis,
542 2017 604 2070 que
615 1999 652 2051 nb
662 1999 712 2052 illo
720 1999 883 2070 reipublice
892 2007 957 2050 tunt
971 1997 1074 2066 inusta,
1085 1997 1141 2052 hcc
1255 2009 1256 2046 1

178 2085 272 2130 tamen
287 2073 352 2128 boni
367 2069 502 2144 esaqodd
518 2072 618 2126 didicit
627 2072 685 2144 jam
699 2072 819 2144 populns
833 2072 994 2142 Romanus,
1003 2083 1139 2146 quantum

178 2149 282 2224 cuique
304 2149 442 2219 crederet,
455 2147 558 2222 quibus
580 2166 611 2204 ae
634 2149 832 2219 committeret,
854 2167 871 2204 a
894 2149 1000 2222 quibus
1020 2159 1139 2206 caveret.

179 2228 253 2286 Haec
272 2228 358 2302 igitur
376 2246 434 2284 non
453 2225 583 2301 cogitasl
603 2245 658 2282 nec
671 2225 815 2300 intelligia
830 2227 897 2284 satis
910 2243 973 2282 esse
986 2228 1055 2284 viris
1067 2227 1141 2283 sorti·
1256 2233 1257 2284 i

128 2299 165 2354 25
180 2307 233 2362 bus
246 2306 396 2374 didicisse.
403 2302 488 2378 quim
502 2304 538 2362 sit
551 2324 584 2362 re
594 2304 756 2377 pulchrum,
770 2304 910 2362 beneficio
929 2315 1051 2377 gratum,
1066 2303 1140 2359 famia
1256 2331 1257 2346 κ

61 2418 65 2424 -
178 2382 340 2456 gloriosum,
351 2391 502 2452 tyrannum
516 2381 668 2436 occideret
694 2381 753 2449 An,
764 2378 834 2436 cium
845 2383 925 2436 illum
939 2381 1069 2438 homines
1082 2399 1141 2437 non

179 2456 347 2526 tulerint,te
360 2454 472 2512 serenti
513 2455 650 2512 Certatim
672 2457 791 2529 posthac
806 2455 889 2530 (mibi
911 2457 1010 2534 crede)
1026 2461 1064 2515 ad
1086 2459 1143 2514 hcc
1256 2461 1257 2468 ’

179 2553 252 2610 opus
263 2543 411 2602 curretur;
429 2552 484 2590 nec
496 2533 655 2594 occasionis
668 2533 784 2590 tarditas
797 2533 1015 2608 exspectabitur.

185 2651 188 2658 ·
220 2611 357 2687 Respice,
370 2631 478 2686 queso,
489 2611 639 2687 aliquando
652 2611 866 2686 rempublicam,
881 2610 922 2667 M.
937 2611 1063 2668 Antoni:
1083 2612 1147 2685 qui·

130 2684 167 2738 30
181 2691 237 2748 bus
255 2703 334 2749 crtus
353 2692 403 2762 sia,
416 2709 474 2748 non
497 2691 664 2765 quibuscum
686 2690 771 2760 vivas,
785 2690 956 2746 considera:
974 2705 1094 2756 mecum,
1113 2699 1150 2745 ut

181 2771 276 2837 voles3
308 2788 374 2826 cum
397 2769 543 2842 republica
566 2769 627 2824 redi
650 2769 680 2824 in
704 2768 831 2840 gratiam.
875 2767 934 2823 Sed
947 2768 1021 2822 dete
1033 2774 1065 2819 tu
1080 2763 1149 2840 ipse

181 2846 302 2902 videris:
323 2844 426 2915 egode
447 2861 493 2898 me
514 2844 578 2914 ipso
595 2843 755 2915 profitebor.
793 2841 918 2899 Defendi
940 2841 1149 2916 rempublicam

182 2920 362 2983 adolescens3
377 2935 435 2972 non
444 2917 574 2972 deseram
583 2936 688 2974 senex:
701 2921 861 2992 contempsi
871 2919 1005 2977 Catilinae
1016 2918 1148 2994 gladioa;

181 3012 239 3054 uon
259 2994 458 3069 pertimescam
478 3004 549 3051 tuos.
589 2993 672 3055 Quin
686 2995 771 3052 etiarn
784 3013 890 3070 corpus
902 2997 1022 3052 libenter
1035 2997 1149 3053 obtule-

132 3069 168 3122 35
182 3071 248 3144 rim,
260 3072 284 3130 si
307 3073 500 3146 representari
521 3083 611 3130 morte
632 3073 696 3130 mela
718 3073 833 3128 libertas
846 3072 967 3128 diritatis
979 3084 1094 3143 potest3
1116 3083 1149 3129 ut

183 3150 334 3223 aliquando
347 3148 424 3200 dolor
437 3149 533 3217 populi
546 3149 670 3205 Romani
684 3149 782 3220 pariat,
796 3149 870 3218 quod
889 3147 996 3219 jamdiu
1015 3151 1146 3220 parturit.

183 3225 296 3281 Etenim
311 3221 346 3289 si,
359 3219 463 3274 abhinc
483 3239 572 3276 annos
593 3221 680 3294 prope
695 3221 803 3293 viginti,
819 3221 873 3276 hoc
894 3222 954 3295 ipso
976 3221 1006 3278 in
1027 3229 1148 3302 templo,

182 3297 282 3370 negavi
292 3315 377 3371 posse
384 3306 502 3352 mortem
513 3295 690 3354 immaturam
698 3315 762 3353 esse
769 3298 925 3366 considam
935 3313 1043 3372 quanto
1050 3303 1150 3362 veritis

182 3392 260 3432 nunc
274 3375 394 3450 negabo,
408 3373 491 3430 senil
519 3371 592 3430 Mihi
606 3370 684 3446 verb,
694 3375 792 3432 Patres
802 3375 973 3452 conscripti,
984 3379 1043 3452 jam
1058 3383 1149 3438 etiam

133 3453 169 3506 to
182 3453 305 3526 optanda
328 3472 403 3510 mors
427 3462 479 3523 est,
497 3452 647 3527 perfuncto
670 3454 756 3512 rebus
777 3454 823 3526 iis,
835 3474 905 3529 quas
929 3456 1050 3530 adeptus
1070 3477 1149 3526 sam,

182 3546 307 3604 quasque
317 3532 399 3604 gessi.
427 3529 496 3588 Duo
503 3527 588 3590 modu
600 3531 661 3588 lucc
671 3543 757 3607 opto:
770 3552 869 3602 unum,
881 3541 912 3588 ut
922 3534 1045 3590 moriens
1058 3551 1151 3608 popu-

183 3607 242 3662 lum
256 3605 420 3662 Romanum
434 3607 552 3664 liberum
575 3609 750 3683 relinquam3
772 3611 826 3668 hcc
840 3611 909 3666 mibi
930 3609 1022 3684 majus
1043 3629 1059 3670 a
1078 3608 1154 3666 Diis

184 3682 386 3744 immortalibus
397 3683 457 3736 dari
468 3685 538 3740 nihil
549 3696 657 3758 potest:
679 3688 807 3757 alterum,
818 3696 850 3744 ut
859 3686 899 3746 ita
909 3688 1013 3765 cuique
1022 3686 1152 3760 eueniata

184 3770 216 3818 ut
230 3761 265 3818 de
279 3756 424 3834 republiot
437 3758 554 3834 quisquc
567 3773 718 3822 mereatur.
