2542 4212
371 261 504 310 omaro
520 261 590 308 rao
605 261 643 308 ru.
659 261 863 316 mommo.
1093 267 1147 326 -ua

175 402 230 460 Ille
252 402 374 482 quidem·
390 399 511 455 fructum
534 400 627 456 oannis
649 400 712 456 vite
736 409 872 457 anteactas
892 402 1031 460 hodierno
1050 403 1098 462 die

139 481 294 542 maximum
305 472 466 550 capitelam
480 494 591 532 summo
604 495 744 532 consensu
755 476 949 548 sanctitatum
982 489 1098 536 raetcrea

140 556 248 633 judicio
261 565 310 610 tuo
323 552 487 628 gravissimo
500 562 529 606 et
554 552 685 608 maximo.
727 551 771 608 Ex
784 570 841 626 quo
854 553 979 627 prolecto
995 555 1097 620 intulli-

142 634 193 708 gis,
208 641 311 705 quauta
324 629 354 685 in
375 629 440 684 dato
454 627 593 684 beneficio
606 629 643 684 sit
664 629 735 698 laus,
749 625 816 684 clun
831 629 861 684 in
882 641 999 704 accepto
1019 643 1097 689 tauta

143 711 174 765 sit
183 708 280 783 gloria.
322 705 374 761 Est
384 701 449 760 verb
460 703 618 760 fortunatus
629 704 687 775 ille,
698 705 780 778 cujus
792 723 827 760 ex
838 705 927 762 salute
938 723 996 766 non
1006 707 1096 764 minor
1113 716 1131 768 5

142 782 212 860 pene
227 785 264 840 ad
276 778 494 853 -omnes„qudm
512 781 548 836 ad
571 781 664 854 ipsum
690 796 806 836 ventura
827 781 872 851 sit,
886 781 983 838 laetitia
1004 801 1099 856 perre-

143 861 223 918 nsrit.
263 855 352 918 Quod
367 857 518 929 etquidem
532 853 643 928 meritd,
657 861 739 930 atque
759 857 864 930 optimo
881 857 955 932 jure,
970 859 1096 932 contigit.

144 937 221 997 Quis
229 936 306 992 enim
317 945 359 989 est
369 933 416 989 illo
426 945 474 989 aut
484 933 640 1003 nobilitate,
651 945 700 990 aut
710 933 857 1008 probitate,
871 945 919 992 aut
928 933 1096 1010 optimarum

134 1014 244 1070 artium
265 1011 368 1082 studio,
383 1021 431 1066 aut
450 1010 625 1081 innocentia,
639 1020 688 1066 aut
708 1009 766 1066 ullo
784 1027 889 1084 genere
907 1010 1009 1081 laudis,
1028 1029 1096 1084 pre·

145 1088 280 1146 stantmrl
456 1149 459 1156 ,
1116 1098 1149 1152 10

161 1166 218 1222 -ΙΙ,
259 1163 376 1220 Nullius
397 1171 505 1220 tautum
526 1173 569 1219 cst
589 1161 695 1218 flumen
717 1162 835 1238 ingenii,
856 1163 961 1220 nullius
982 1163 1097 1220 dicendi
1156 1201 1161 1210 ·

143 1255 188 1300 aut
198 1241 341 1299 scribendi
351 1251 429 1296 tanta
442 1241 493 1309 vis,
503 1250 582 1295 tanta
592 1239 682 1313 copia,
693 1257 765 1312 que,
776 1257 833 1308 non
844 1239 938 1296 dicam
949 1258 1097 1312 exornare,

143 1321 189 1376 sed
197 1337 338 1390 enarrare,
353 1317 387 1373 C.
402 1317 509 1386 Caesar,
520 1335 565 1372 res
578 1327 641 1372 tuas
651 1327 744 1389 gestas
753 1316 848 1390 possit.
868 1315 981 1372 Tamen
992 1315 1098 1376 affirruo

144 1395 257 1472 (ethoc'
285 1413 336 1450 ace
350 1393 649 1468 dicamtub),nullam
664 1392 693 1450 ln
709 1392 752 1448 his
765 1391 962 1448 esse-laudam
985 1393 1098 1466 amplio-

135 1479 211 1542 rem,
224 1415 310 1545 qudm
331 1489 404 1544 earn,
417 1487 500 1541 quarn
524 1469 658 1525 hodierno
679 1469 726 1524 dic
748 1479 920 1524 consecutus
933 1487 972 1523 es.
1014 1469 1098 1526 Soleo
1116 1478 1149 1528 15

143 1567 217 1622 saepe
231 1562 297 1602 ante
310 1545 406 1604 oculos
419 1563 533 1618 ponere,
548 1545 631 1617 idque
645 1545 766 1600 libenter
779 1544 886 1600 crebris
897 1561 1031 1618 usurpare
1041 1563 1098 1600 ser·

142 1625 282 1694 inopibus,
296 1641 402 1693 ¹omncs
423 1631 578 1677 nostrorum
600 1622 807 1696 imperatorum,
821 1639 921 1678 omnes
941 1631 1098 1678 exterarum

141 1701 277 1776 gentium,
291 1699 603 1774 potentissimorumque
624 1697 799 1772 populorum,
812 1717 911 1754 omnes
932 1697 1099 1756 clarissimo·

141 1795 204 1832 rum
215 1795 325 1850 regum,
338 1793 384 1830 res
399 1786 501 1848 gestas,
515 1793 580 1830 oum
595 1775 652 1830 tuis
665 1793 719 1830 nec
730 1775 945 1841 contentionum
959 1773 1099 1846 magnitu-

142 1853 220 1921 dine,
235 1870 289 1910 neo
314 1869 433 1906 numero
455 1850 624 1923 proeliorum,
637 1869 691 1906 nac
712 1851 843 1908 varietate
866 1851 1024 1924 regionum,
1044 1857 1145 1912 necao

140 1929 284 1984 celeritate
312 1926 492 1995 conficiendi,
514 1945 570 1982 nec
597 1927 824 1984 dissimilitudine
851 1927 996 1994 bellorum,
1016 1943 1098 1999 posse

140 2003 276 2061 conferri:
297 2021 353 2059 nec
366 2000 430 2059 verb
456 2003 691 2078 disjunctissimas
715 2015 803 2062 terras
824 2003 909 2063 citius
933 1993 1097 2076 cujusquam

104 2111 109 2120 ·
139 2081 266 2156 passibus
284 2081 408 2154 potuisse
421 2081 573 2154 peragrari,
586 2079 673 2153 quhm
686 2082 753 2151 tuis,
767 2095 824 2136 non
843 2080 935 2136 dicam
958 2079 1097 2148 cursibus,

139 2155 190 2214 sed
205 2157 339 2225 victoriis,
353 2155 475 2212 lustratae
490 2157 555 2211 siut.
804 2221 812 2232 ι

173 2233 255 2292 'Quas
278 2231 392 2305 quidem
414 2231 544 2304 egomisi
560 2232 599 2288 ita
619 2251 723 2306 magna
744 2251 806 2290 esse
831 2231 927 2303 fatear,
941 2243 973 2288 ut
995 2252 1031 2290 aa
1051 2235 1098 2291 vix
1113 2238 1150 2292 25

140 2309 309 2382 cujusquam
323 2325 403 2363 mens
417 2317 464 2362 aut
477 2307 612 2381 cogitatio
625 2326 727 2382 capere
737 2310 833 2384 possit,
845 2327 944 2365 amens
957 2310 1027 2367 sim:
1048 2311 1098 2370 sed

139 2395 236 2441 tamen
250 2394 316 2440 suut
327 2384 381 2439 alia
395 2383 507 2456 majora.
549 2382 625 2438 Nam
640 2384 758 2440 bellicas
771 2385 868 2442 laudes
881 2387 970 2466 solept
984 2387 1099 2461 quidam

138 2461 293 2517 extenuare
315 2460 418 2529 verbis,
439 2479 541 2532 easque
563 2459 709 2516 detrahere
736 2457 866 2532 docilius,
890 2465 1099 2520 communicare

117 2595 120 2599 ,
139 2554 209 2592 cum
219 2536 325 2602 multis,
334 2553 372 2589 ne
381 2536 499 2608 propriae
511 2535 568 2589 sint
577 2535 781 2608 imperatorum.
816 2537 853 2594 Et
863 2536 951 2607 certe,
963 2540 991 2596 in
1004 2541 1098 2610 armis,

138 2611 265 2668 militum
279 2610 377 2677 virtus,
389 2609 518 2672 lotarium
530 2611 730 2682 opportunitas,
744 2613 847 2684 currilia
869 2615 1018 2684 sociorum,
1029 2615 1099 2670 clas·
1114 2620 1150 2674 30

137 2707 197 2757 ses,
206 2693 393 2752 commeatus,
402 2681 521 2738 multum
529 2683 641 2756 juvant:
660 2687 806 2744 maximam
818 2685 884 2744 verb
894 2691 1011 2762 partem,
1019 2690 1099 2761 quasi

136 2783 193 2819 suo
205 2760 288 2835 jure,
304 2758 429 2815 Fortuna
450 2759 503 2815 sibi
525 2759 663 2829 vindicat3
689 2774 725 2833 et,
747 2764 883 2838 quidquid
903 2775 947 2822 est
966 2761 1098 2840 prosprd

134 2849 262 2914 gestum,
277 2837 306 2892 id
319 2833 394 2910 pend
408 2855 491 2892 omne
505 2835 585 2892 ducit
598 2856 687 2894 suum.
749 2836 753 2842 ’
850 2853 854 2860 ’
875 2835 878 2842 ’

154 2947 157 2954 1
177 2917 219 2972 At
233 2910 301 2970 verb
316 2913 400 2986 hujus
414 2913 521 2988 glorie,
536 2912 570 2968 C.
582 2913 688 2985 Caesar,
698 2935 782 2990 quam
795 2935 826 2972 es
836 2914 919 2990 pauld
934 2907 1000 2975 anth
1016 2921 1099 2994 adep·

132 3003 192 3062 tus,
206 2991 319 3048 socium
340 2989 429 3045 habes
447 2990 599 3046 neminem.
630 2989 748 3048 Totum
773 2993 836 3061 hoc,
849 3002 1098 3066 quantumcunque
1114 3001 1150 3054 ³5

132 3080 189 3139 est,
211 3067 299 3144 (quod
321 3062 400 3122 certd
423 3067 577 3122 maximum
601 3065 658 3143 est)
683 3079 773 3124 totum
788 3078 847 3137 ¹est,
872 3065 996 3140 inquam,
1009 3079 1098 3123 tuum.

132 3144 218 3201 Nihil
229 3145 284 3200 sibi
294 3143 330 3199 cx
340 3143 395 3198 istri
405 3143 489 3198 laude
500 3143 637 3212 centurio,
649 3143 720 3200 nihil
734 3143 892 3216 praefectus,
903 3143 974 3200 nihil
988 3143 1098 3214 cohors,

133 3221 325 3289 nihilturma,
340 3219 475 3294 decerpit.
515 3217 699 3278 Quinetiam
714 3217 761 3274 illa
774 3219 834 3292 ipsa
848 3237 942 3274 rerum
964 3221 1099 3276 humana·

134 3312 203 3350 rum
215 3295 338 3363 domina,
345 3294 480 3366 Fortuna,
489 3295 519 3350 in
528 3295 609 3350 istius
616 3313 648 3350 sc
657 3295 820 3350 societatem
831 3293 928 3366 gloriar
938 3313 995 3350 non
1004 3297 1098 3352 offert:

131 3370 192 3427 tibi
208 3369 286 3424 cedit
295 3368 392 3424 :tuam
405 3390 465 3427 esse
478 3381 564 3428 totam
581 3381 610 3425 et
632 3370 775 3443 propriant
796 3369 904 3423 latetur.
944 3357 1099 3442 Nunquam
1114 3375 1151 3430 to

129 3447 217 3504 enim
228 3444 372 3501 temeritas
382 3459 446 3501 cum
459 3445 599 3521 sapientia
609 3445 820 3512 commiscetur,
831 3460 886 3498 nec
899 3445 935 3500 ad
949 3447 1099 3503 consilium

128 3543 220 3582 casus
236 3521 401 3581 admittitur.

170 3599 231 3656 111.
275 3589 417 3655 Domuisti
438 3593 538 3674 gent'es
561 3593 736 3652 immanitate
757 3595 897 3668 barbaras,
919 3593 1100 3668 multitudino

124 3673 370 3751 innumerabiles,
382 3675 452 3733 locis
479 3673 616 3740 infinitas,
629 3669 707 3726 omni
721 3671 865 3746 copiarum
886 3687 1000 3746 genere,
1013 3667 1100 3716 abun·
