2516 4204
133 275 190 336 134
432 239 893 318 omniornn.ruronruu.

180 412 255 479 bere,
269 427 308 468 ne
327 427 385 466 non
406 419 568 483 putsremus
589 408 690 464 natural
712 419 741 464 te
760 407 885 482 potuisse
898 418 958 464 tum
979 402 1130 481 improbum

179 488 307 556 eredere,
318 486 374 544 nisi
387 486 553 542 accessisset
562 485 648 540 etism
660 485 824 558 disciplinel

217 561 301 620 VIII.
343 562 418 619 Tum
429 573 522 618 eutem
533 580 596 618 eres
610 579 721 631 excors,
732 573 771 630 ut,
782 561 841 618 totft
852 560 882 616 in
892 561 1030 630 oratione,
1041 570 1130 617 tecum

178 638 238 712 ipse
252 658 409 714 pugnarem
431 650 530 704 utnon
541 635 627 695 modo
638 657 694 694 non
709 639 878 696 coherentia
889 638 960 692 inter
972 655 1002 692 se
1015 637 1128 708 diceres,

144 729 163 784 5
178 717 229 772 sed
244 713 367 774 maxime
382 715 524 790 disjuncte
536 727 617 788 etque
632 715 788 781 contraria;
811 726 842 770 ut
855 733 911 770 uon
925 724 1002 770 tante
1012 731 1129 784 mecum,

179 804 282 866 quanta
296 805 401 861 tecum,
412 793 463 848 tibi
477 804 553 848 esset
563 793 725 848 coutentiol
765 791 906 846 Vitricum
920 801 999 845 tuum
1014 789 1044 844 in
1056 799 1131 846 teuto

179 869 265 926 fuisse
278 869 384 924 scelere
395 868 535 934 fatebere3
555 869 640 940 poenft
651 868 784 924 affectum
795 868 956 940 querebare.
997 865 1050 935 Its,
1059 867 1130 938 quod

176 940 289 1016 propriis
304 961 397 1000 meum
411 953 464 1012 est,
478 942 614 1001 leuddsti:
636 944 711 1016 quod
734 954 823 1000 totum
841 942 957 1000 sennttis
978 953 1030 1012 est,
1044 961 1131 1016 repre·

179 1019 317 1076 hendisti:
338 1038 405 1076 nem
426 1019 640 1093 comprehensio
664 1019 798 1090 sontium,
820 1037 899 1087 mee3
921 1019 1130 1090 animadversio,

128 1109 163 1164 ro
180 1096 294 1161 sentitiis
308 1097 367 1154 firit.
410 1096 503 1154 Homo
517 1097 637 1152 disertus
649 1115 707 1154 non
727 1097 867 1172 intelligit,
881 1114 957 1166 eum,
971 1114 1054 1169 quem
1068 1115 1131 1153 con-

178 1183 221 1228 tre
234 1174 313 1242 dicit,
325 1173 431 1230 laudari
446 1191 462 1228 e
476 1191 522 1240 se;
543 1192 601 1241 eos,
613 1174 687 1245 apud
701 1191 770 1245 quos
783 1174 863 1242 dicit,
877 1172 1037 1246 vituperari.

216 1247 281 1302 Jern
302 1249 371 1304 illud
393 1248 473 1321 cujus
496 1259 549 1318 est,
571 1267 628 1304 non
649 1249 716 1304 dico
737 1250 874 1318 audacie,
892 1248 984 1322 (cupit
1006 1249 1082 1307 enim
1102 1267 1132 1306 se

177 1324 314 1386 audacem
328 1323 400 1400 dici)
416 1325 467 1380 sed
483 1323 568 1399 (quod
586 1322 704 1382 minime
727 1325 799 1401 vult)
822 1325 956 1394 stultitiae,
970 1327 1027 1399 qud
1048 1325 1135 1382 viucit

177 1417 285 1471 omnes,
295 1401 360 1460 clivi
375 1401 528 1475 Capitolini
539 1403 713 1458 mentionem
724 1403 827 1472 facere,
838 1397 904 1458 cirm
917 1403 990 1460 inter
1003 1401 1136 1458 subsellis
1160 1437 1163 1442 ·

129 1493 164 1548 15
179 1489 274 1537 nostru
285 1489 428 1542 versentur
440 1479 557 1534 armetil
578 1477 646 1536 ciun
660 1479 690 1544 in
704 1480 840 1538 buccellis
852 1479 1029 1547 Concordire,
1042 1477 1072 1552 (o
1084 1477 1135 1534 Dii

180 1555 351 1615 immortales
361 1555 383 1631 l)
399 1556 429 1612 in
444 1556 511 1628 qud,
525 1574 571 1611 me
593 1556 720 1626 consule,
734 1557 868 1614 salutares
890 1555 1036 1612 sententie
1051 1553 1137 1610 dictae

178 1642 254 1699 sunt,
267 1633 369 1703 quibus
390 1633 426 1686 ad
448 1633 523 1686 hanc
548 1633 624 1688 diem
648 1633 775 1701 viximus,
790 1651 855 1687 cunr
878 1630 979 1703 gladiis
1003 1631 1140 1688 homines

178 1706 399 1762 collocetistent.
431 1707 547 1764 Accusa
557 1720 701 1764 senatum:
716 1726 817 1762 accuse
827 1715 982 1778 equestrem
992 1704 1140 1778 ordinem,

177 1782 226 1855 qui
239 1791 300 1848 turn
313 1802 380 1842 cum
396 1795 496 1840 senatu
518 1785 663 1858 copulatus
677 1784 744 1842 fuit:
764 1801 868 1839 accuse
888 1799 986 1838 omnes
1007 1780 1138 1855 ordines,

126 1873 163 1930 w
177 1871 278 1920 ornnes
294 1861 381 1931 cives,
394 1862 462 1916 dum
484 1862 644 1930 confiteare,
659 1863 736 1918 hunc
756 1861 896 1929 ordinem,
909 1857 965 1914 hoc
985 1857 1047 1932 ipso
1066 1867 1138 1916 tem·

177 1954 255 2007 pore,
270 1937 306 1990 ab
319 1936 447 2007 Ithyraeis
461 1937 670 1992 circumsederi.
712 1937 785 1991 Haec
800 1947 830 1992 tu
849 1954 907 1994 non
928 1946 1038 2008 propter
1052 1936 1137 1992 suda·

177 2010 250 2068 clem
266 2011 338 2064 dicis
353 2021 408 2065 tem
431 2010 618 2081 impudenter,
632 2011 682 2064 sed
704 2012 771 2081 quie
791 2022 898 2066 tantam
920 2029 1015 2068 rerum
1036 2030 1136 2086 repug-

176 2084 302 2142 nantiam
317 2103 374 2141 non
397 2085 484 2140 vides.
525 2083 606 2142 Nihil
627 2082 751 2158 profeetd
774 2087 858 2159 sepis.
898 2083 981 2149 Quid
1003 2089 1136 2144 estenim

177 2161 346 2234 dementius,
373 2159 467 2237 quim,
495 2157 562 2220 oiim
590 2163 651 2238 ipse
677 2162 840 2236 reipublice
868 2163 1030 2238 perniciose
1057 2184 1136 2222 arros

126 2256 162 2312 ἦ
178 2239 296 2313 ceperis,
311 2240 435 2314 objicere
450 2240 529 2297 alteri
543 2239 692 2297 saluterial

216 2316 256 2372 At
277 2316 362 2370 etiam
382 2318 504 2388 quodem
525 2317 588 2372 loco
609 2318 718 2372 facetus
740 2337 802 2374 esse
823 2317 945 2376 voluisti.
985 2316 1086 2379 Qulm
1108 2318 1137 2376 id

178 2387 240 2463 (Dii
256 2390 355 2466 bonil)
371 2409 428 2446 nou
442 2391 576 2446 decebat!
617 2391 652 2446 In
666 2411 722 2463 quo
742 2404 785 2448 est
806 2404 856 2448 tue
877 2394 961 2466 culpe
982 2395 1137 2452 nonnulla:

177 2466 280 2540 aliquid
295 2467 372 2524 enim
386 2467 451 2524 selis
465 2467 501 2524 ab
514 2485 600 2524 uxore
614 2461 702 2524 mimir
711 2469 821 2526 trahere
835 2469 959 2543 potuisti.
995 2474 1012 2498 “
1023 2471 1138 2528 Cedant

178 2561 255 2602 orme
267 2545 367 2620 togae.'¹
408 2543 511 2606 Quidl
531 2556 592 2602 tum
602 2565 699 2604 noune
709 2547 876 2604 cesseruntl
917 2546 958 2602 At
969 2557 1068 2620 postes
1081 2548 1139 2604 tuis

126 2640 163 2696 ω
178 2623 263 2684 ermis
277 2625 363 2682 cessit
382 2635 457 2701 toga.
497 2623 669 2686 Quaeramus
690 2624 699 2680 i
720 2626 784 2696 itur,
797 2635 891 2682 utrum
914 2624 1017 2680 melius
1037 2625 1141 2693 tirerit3

177 2702 298 2763 libertati
321 2704 417 2778 populi
442 2703 567 2760 Romani
592 2644 790 2760 soelerabrum
815 2721 902 2773 erma,
923 2721 960 2760 nn
980 2701 1144 2758 libertatem

178 2791 300 2844 nostram
321 2779 406 2832 ermis
425 2779 492 2845 tuis,
506 2780 615 2832 cedere.
655 2777 720 2832 Nec
741 2777 806 2834 verb
826 2780 877 2834 tibi
899 2780 935 2835 de
950 2779 1073 2835 versibus
1095 2796 1145 2834 re·

177 2851 337 2922 spondebo:
358 2854 469 2904 tsnt'um
486 2852 578 2904 dicem
593 2851 721 2918 breviter,
736 2871 828 2923 neque
843 2854 906 2908 illos
918 2872 1010 2927 neque
1025 2854 1099 2910 ullas
1112 2865 1143 2912 te

176 2923 293 2980 omnino
306 2923 400 2980 literas
413 2919 513 2980 nosse:
528 2943 573 2980 me
586 2943 641 2980 uec
654 2925 817 2998 reipublice
831 2945 885 2982 nec
899 2930 1000 2988 amicis
1013 2949 1144 3005 unquam

126 3019 162 3074 35
178 3001 311 3072 defuisse,
335 3013 364 3062 et
385 3012 480 3060 tomen
504 3003 582 3059 omni
606 3019 710 3076 genere
736 3013 984 3062 monumentorum
1009 3026 1144 3066 meorum

177 3081 328 3155 perfecisse
341 3079 433 3149 operis
446 3079 608 3148 subsecivis,
622 3090 654 3134 ut
674 3097 744 3134 mem
764 3078 876 3151 vigilite,
891 3098 1015 3151 memque
1037 3085 1144 3154 litere,

179 3167 208 3212 et
217 3152 354 3227 juventuti
369 3152 507 3220 utilitatis,
516 3164 545 3208 et
557 3153 665 3208 nomini
680 3153 812 3209 Romano
824 3153 926 3224 laudis,
938 3155 1045 3228 aliquid
1057 3163 1145 3220 effer·

127 3235 128 3240 ’
178 3239 248 3288 rent.
290 3227 347 3284 Sed
362 3227 423 3284 haec
436 3244 493 3282 nou
509 3227 592 3301 hujus
605 3229 754 3301 temporis:
775 3229 932 3306 edmajom
945 3233 1108 3296 veniemus.

217 3303 271 3365 IX.
312 3305 344 3364 P.
366 3303 497 3364 Clodium
517 3323 582 3362 meo
603 3305 721 3368 consilio
745 3306 926 3378 interfectum
946 3329 1010 3368 esse
1030 3314 1142 3374 dixisti.

128 3403 164 3458 ω
177 3379 327 3443 Quidnam
341 3384 469 3441 homines
484 3393 624 3458 putarent,
638 3382 662 3438 si
675 3393 735 3440 tum
755 3385 867 3444 occisus
880 3397 965 3459 esset,
980 3385 1047 3448 oiim
1060 3403 1092 3448 tu
1110 3391 1145 3449 il·

178 3457 236 3522 lurn
252 3461 282 3516 in
295 3461 365 3531 foro,
381 3462 556 3535 inspectante
569 3461 672 3535 populo
685 3461 831 3534 Romano,
844 3464 938 3538 gladio
952 3467 1049 3526 stricto
1063 3469 1146 3524 inse-

179 3548 262 3594 cutus
275 3556 316 3604 es,
330 3539 531 3612 negotiumque
551 3539 746 3613 nertsegisses,
759 3541 814 3596 nisi
828 3541 875 3596 ille
895 3560 927 3597 se
941 3541 971 3598 iu
992 3544 1080 3602 scalas
1094 3554 1146 3600 te·

179 3615 274 3676 bernae
294 3613 413 3668 libruriae
434 3615 612 3688 conjecisset,
633 3615 731 3688 hisque
750 3615 879 3690 oppilatis
899 3617 1035 3692 impeturn
1053 3631 1146 3678 tuum

179 3688 407 3766 compressissetl
448 3686 533 3766 [Sed]
547 3691 635 3761 quidt
655 3709 709 3766 ego
722 3693 822 3750 fovisse
836 3710 881 3748 me
890 3694 941 3752 tibi
955 3695 1043 3760 fateor
1051 3716 1060 3766 ;
1073 3715 1148 3754 sun·
