2542 4212
432 309 568 364 osculo
583 309 652 358 PRO
668 309 701 366 Q.
717 306 877 387 LIGARlO.

545 559 768 698 onAT'ro

365 821 495 898 Pac
543 782 944 908 osannam.

221 1203 244 1262 I.
266 1201 383 1270 Novuu'
391 1202 510 1272 crimen,
524 1202 577 1258 Oai
592 1201 697 1271 Caesar,
719 1211 748 1258 et
761 1211 827 1258 ante
842 1201 918 1264 bunc
937 1199 1013 1258 diem
1027 1202 1140 1259 inaudi·
1169 1217 1171 1222 '

169 1289 253 1352 tum,
267 1281 438 1354 propinquus
461 1297 542 1334 meus
559 1279 594 1333 ad
607 1289 645 1347 te,
666 1277 706 1338 Q.
721 1277 848 1348 Tubero,
873 1279 983 1348 detulit,
997 1279 1037 1339 Q.
1053 1279 1141 1353 Liga-

182 1358 257 1420 rium
268 1357 297 1412 in
313 1355 412 1411 Africa
424 1355 526 1410 luisse:
542 1355 625 1426 idque
636 1355 671 1410 C.
686 1354 787 1423 Pansa,
802 1356 944 1428 praestanti
955 1357 1002 1410 vir·
1010 1356 1139 1429 ingenio,

183 1432 270 1488 fretus
291 1427 405 1488 fortasse
425 1432 460 1488 ela
484 1431 670 1488 familiaritate
690 1449 751 1504 quae
766 1440 809 1486 est
829 1431 856 1496 ei
865 1441 974 1501 tecum,
997 1450 1083 1488 ausus
1095 1443 1142 1488 est

150 1509 319 1566 5confiteri.
360 1507 469 1581 Itaque,
493 1504 550 1580 qud
574 1526 620 1564 me
646 1519 761 1578 vertam,
777 1508 895 1574 'nesci0;
918 1519 1039 1580 paratus·
1060 1509 1141 1564 enim

184 1603 326 1656 veneram,
349 1583 429 1659 (curn
443 1595 474 1640 tu
489 1585 518 1639 id
538 1602 629 1655 neque
642 1603 692 1656 per
713 1596 740 1640 te
751 1583 852 1652 scires,
873 1602 964 1656 neque
978 1585 1075 1640 audire
1090 1585 1142 1640 ali-

185 1663 261 1715 unde
271 1659 422 1733 potuisses)
439 1671 474 1728 ut,
480 1660 653 1730 ignoratione
667 1659 716 1712 tud
730 1660 764 1712 ad
776 1660 897 1714 hominis
911 1659 1005 1714 miseri
1020 1661 1144 1716 salutem

185 1736 330 1790 abuterer:
352 1735 411 1804 sed,
425 1733 557 1806 quoniam
579 1733 726 1806 diligentia
741 1733 849 1788 inimici
870 1733 1070 1806 investigatum
1087 1748 1144 1807 est,

185 1812 258 1884 quod
282 1810 394 1880 latebat,
417 1809 610 1878 confitendum
630 1819 682 1878 est,
704 1819 734 1865 ut
753 1809 869 1882 opinor;
890 1811 1045 1887 praesertim
1072 1809 1143 1868 ciam

137 1901 172 1953 10
186 1893 266 1944 meus
279 1887 466 1956 necessarius,
481 1887 515 1942 C.
530 1885 633 1954 Pansa,
645 1885 753 1955 fecerit,
767 1897 799 1942 ut
813 1887 841 1942 id
853 1886 912 1960 jam
926 1887 1065 1960 integrum
1080 1907 1143 1944 non

185 1975 274 2018 esset:
289 1964 447 2034 omissaque
458 1962 660 2030 controversia,
670 1963 762 2016 omnis
775 1963 863 2018 oratio
874 1964 909 2016 ad
920 1963 1143 2020 misericordiam

186 2048 263 2093 tuam
278 2037 450 2092 conferenda
463 2047 506 2091 est
515 2056 521 2102 ;
530 2029 598 2107 'qua
612 2037 724 2108 plurimi
740 2049 805 2092 sunt
819 2039 987 2108 conservati,
1001 2037 1068 2096 crim
1083 2059 1099 2095 a
1113 2050 1143 2096 te

184 2129 243 2169 non
257 2111 452 2168 liberationem
466 2111 566 2185 culpae,
581 2112 631 2166 sed
645 2113 729 2168 errati
743 2113 864 2183 veniam,
879 2114 1110 2188 impetravissent.

225 2187 323 2244 Habes
336 2189 431 2262 igitur,
445 2187 571 2257 Tubero,
587 2186 673 2264 (quod
683 2199 726 2266 est
739 2191 895 2246 accusatori
906 2189 1030 2248 maxime
1042 2204 1143 2265 optan-

139 2285 172 2337 15
187 2265 268 2341 dum)
283 2265 463 2322 confitentem
476 2283 566 2335 reum,
580 2266 630 2326 sed
645 2276 739 2321 tamen
761 2265 800 2322 ita
813 2267 1003 2338 confitentem,
1018 2288 1048 2325 se
1062 2269 1092 2323 in
1105 2268 1144 2324 eri

185 2351 264 2413 parte
279 2342 373 2409 luisse,
387 2342 443 2412 qua
458 2352 495 2410 te,
506 2341 638 2412 ,Tuberq
651 2341 708 2412 qua
723 2342 811 2396 virum
826 2344 904 2398 omni
914 2345 999 2400 laude
1013 2346 1144 2418 dignum,

153 2471 157 2476 ,
186 2426 294 2488 patrem
315 2425 403 2469 tuum.
445 2414 543 2486 Itaque
561 2413 639 2486 priris
652 2417 688 2470 de
710 2427 802 2471 vestro
815 2418 919 2472 delicto
940 2420 1145 2490 confiteamini,

187 2508 304 2546 necesse
317 2501 369 2559 est,
384 2487 469 2562 qudrn
483 2489 590 2564 Ligarii
604 2490 689 2545 ullam
703 2490 814 2563 culpam
828 2493 1045 2564 reprehendatis.

161 2595 164 2600 ·
226 2565 266 2626 Q.
287 2567 364 2622 enim
385 2565 525 2640 Ligarius,
549 2565 615 2622 crim
630 2578 705 2636 esset
724 2567 819 2623 adhuc
833 2569 911 2624 nulla
928 2569 994 2634 belli
1008 2570 1145 2643 suspicio,

138 2659 174 2713 20
188 2642 298 2718 legatus
311 2643 341 2700 in
362 2644 490 2707 Africam
510 2663 576 2700 cum
598 2633 632 2712 C.
647 2644 782 2700 Considio
802 2645 943 2718 profectus
955 2657 998 2700 est
1009 2665 1023 2712 ε,
1036 2646 1091 2718 qud
1113 2648 1146 2703 in

189 2721 340 2795 legatione,
362 2721 520 2790 etcivibus
535 2731 563 2775 et
584 2720 669 2775 sociis
691 2721 729 2777 ita
747 2740 777 2775 se
800 2723 935 2793 probavit,
956 2733 987 2776 ut
1000 2722 1145 2792 decedens

87 2845 91 2856 ,
190 2797 344 2851 Considius
359 2794 507 2864 'provincia
534 2793 694 2846 satisfacere
723 2795 884 2849 hominibus
911 2815 969 2852 non
990 2808 1094 2870 posset,
1120 2799 1146 2855 si

189 2885 349 2940 quenquam
363 2867 448 2920 alium
461 2865 615 2936 provinciae
628 2866 805 2936 praefecisset.
847 2867 944 2939 Itaque
957 2871 997 2928 Q.
1013 2873 1148 2944 Ligarius

191 2938 282 3016 (cum,
306 2940 356 2994 diu
376 2957 520 3008 recusans,
542 2939 613 2994 nihil
636 2939 815 3018 profecisset)
838 2943 1010 3014 provinciam
1034 2951 1150 3020 accepit

140 3033 176 3086 25
191 3017 312 3074 invitus:
334 3016 381 3072 cui
396 3016 437 3072 sic
451 3015 562 3090 praeluit
582 3015 612 3070 in
625 3034 705 3090 pace,
729 3026 761 3094 ut
773 3027 802 3072 et
815 3017 923 3073 civibus
943 3029 972 3074 et
985 3019 1070 3075 sociis
1083 3041 1149 3096 gra-

107 3135 115 3146 ..
188 3095 301 3151 tissima
314 3104 389 3172 esset
401 3093 462 3164 ejus
476 3093 621 3166 integritas
631 3103 660 3148 et
674 3091 750 3146 fides.
792 3091 901 3148 Bellum
916 3094 1009 3150 subitd
1023 3099 1148 3169 exarsit;

191 3171 276 3244 quod,
290 3169 337 3239 qui
351 3177 431 3222 eraut
445 3167 475 3220 in
489 3164 679 3236 Africd,·antd
694 3167 845 3224 audierunt
858 3169 930 3242 geri,
944 3168 1029 3242 quarn
1043 3177 1147 3246 parari.

189 3245 260 3304 Quo
277 3242 385 3313 audito,
408 3241 512 3315 partim
531 3243 685 3315 cupiditate
704 3242 923 3316 inconsiderata,
945 3248 1046 3320 partim
1069 3241 1148 3308 caco

85 3321 88 3330 “
192 3317 312 3392 quodam
326 3319 434 3387 timore,
453 3313 545 3392 primd
560 3317 666 3388 salutis,
686 3315 750 3392 pdst
763 3319 847 3376 etiam
868 3323 953 3378 studii
967 3325 1022 3394 sui,
1043 3345 1148 3398 quarre-

142 3413 178 3468 30
193 3396 260 3451 bant
274 3395 394 3470 aliquem
408 3395 526 3451 ducem:
547 3391 614 3450 cirrn
627 3393 767 3468 Ligarius,
781 3393 895 3454 domurn
916 3411 1055 3473 spectans,
1068 3416 1097 3458 et
1110 3404 1147 3458 ad

193 3490 258 3527 suos
279 3473 370 3529 redire
392 3472 518 3546 cupiens,
540 3471 617 3542 nullo
635 3491 665 3527 se
686 3471 823 3546 implicari
847 3476 960 3548 negotio
976 3496 1074 3550 passus
1094 3489 1146 3542 est.

189 3547 311 3618 ¹Interim
335 3549 366 3604 Ρ.
391 3549 486 3604 Attius
510 3549 611 3620 Varus,
635 3547 683 3622 qui
707 3561 806 3624 praetor
828 3551 955 3606 Africam
978 3553 1147 3626 obtinuerat,

193 3623 305 3680 Uticam
329 3624 406 3704 venit
415 3643 425 3688 ε,
442 3621 562 3682 ad'eurn
584 3627 678 3682 statim
700 3645 869 3682 concursum
891 3638 948 3683 est·
983 3629 1076 3702 Atque
1100 3630 1148 3688 ille

195 3719 252 3757 non
266 3699 400 3770 mediocri
412 3699 564 3772 cupiditate
579 3702 693 3774 arripuit
704 3702 861 3775 imperium,
875 3703 898 3758 s'i
920 3703 987 3759 illud
999 3703 1148 3778 imperium

146 3786 181 3840 35
196 3795 258 3836 esse
271 3775 369 3852 potuit,
379 3773 453 3849 qu'od
464 3773 499 3830 ad
513 3777 660 3851 privatum,
671 3777 792 3834 clamore
801 3777 988 3837 multitudinis
1000 3779 1147 3858 imperita,
