2516 4204
145 427 203 490 lot
370 421 504 474 omnm
521 421 590 473 mo
606 419 638 472 r.
654 417 767 471 mmo
783 419 931 473 eunoun,

193 563 316 638 vidisset,
328 583 411 641 posse
431 565 535 622 absolvi
553 581 629 636 eum,
650 565 697 638 qui
719 563 868 630 fateretur3
889 555 958 618 edm
971 557 1072 616 rideret
1086 567 1131 612 nor

193 645 284 715 fateri,
298 661 391 717 neque
411 643 497 716 queri
512 659 636 715 unquam
654 641 793 714 jussisset,
810 657 865 695 neo
878 637 959 695 vobis
978 647 1034 693 tam
1046 631 1134 692 salute·

137 731 159 768 ⁴¹
193 739 254 778 rem
268 723 343 778 hano
355 721 385 776 in
396 720 552 796 judicando
564 719 684 788 literam,
698 714 783 790 qudm
797 715 873 786 illam
885 715 1003 784 tristem,
1016 713 1134 768 dedisset

195 797 270 854 Mihi
283 793 349 854 verd
365 797 419 852 Gn.
434 795 585 870 Pompeius
598 813 655 852 aon
676 790 760 850 modd
775 791 845 848 nihil
860 791 974 866 gravius
986 799 1079 847 eontra
1089 782 1135 839 Mi·

159 872 288 930 5lonem
306 873 461 947 judiedsse,
483 873 533 926 sed
554 871 640 926 etiam
660 870 789 926 statuisse
816 869 935 939 ridetur,
959 867 1026 942 quid
1048 884 1091 922 vos
1109 877 1135 914 ¹¹1

190 949 346 1024 judicando
359 959 486 1020 spectare
497 955 644 1020 oporteret.
685 944 772 1015 Nam,
786 944 903 1017 quinon
915 961 1030 1019 pmnam
1042 938 1136 1000 confes
1227 945 1228 950 ’

194 1025 276 1096 sioni,
295 1024 346 1079 sed
369 1023 571 1092 defensionem,
590 1021 678 1092 dedit,
699 1021 724 1077 is
742 1039 857 1077 causam
878 1021 1011 1078 interitlrs
1028 1031 1138 1094 queren-

194 1103 270 1172 dam,
285 1120 343 1156 non
357 1101 511 1170 interitum,
523 1099 639 1172 putavit.
680 1096 749 1154 Jum·
757 1098 827 1154 illud
849 1098 926 1154 diuet
939 1099 1003 1172 ipse
1015 1089 1137 1173 profesti,
1227 1145 1228 1150 ,

145 1253 160 1305 1
194 1179 268 1251 quod
289 1179 341 1233 sud
362 1187 459 1251 sponte
474 1176 549 1245 feeit,
567 1174 707 1231 Publione
722 1175 824 1232 Clodio
841 1175 1026 1232 tribuendum
1038 1172 1138 1250 putdrit,

161 1257 231 1312 dan
244 1266 300 1310 tem
352 1255 370 1308 i.

233 1273 421 1385 Vll.pol)omi
445 1347 504 1383 sum
524 1329 716 1384 nobilissimus
740 1329 792 1400 vir,
813 1328 930 1386 senstrls
951 1337 1140 1405 propugnator,

98 1413 103 1422 “
195 1417 288 1478 atque,
313 1405 368 1461 illis
390 1405 506 1478 quidem
528 1405 711 1478 temporibus,
730 1401 806 1480 pene
827 1415 973 1480 patronus,
995 1404 1141 1464 avunoulus

195 1483 280 1556 hujus
293 1482 381 1538 nostri
393 1480 508 1555 judicis,
522 1481 666 1538 fortissimi
679 1483 742 1553 viri,
756 1481 797 1537 M.
813 1483 940 1553 Catonis,
954 1485 1082 1540 tribunus
1093 1479 1143 1556 ple·

195 1559 239 1615 bis
259 1557 301 1614 M.
324 1557 444 1627 Drusus,
463 1559 576 1615 oooieus
595 1569 646 1614 est.
687 1558 767 1615 Nihil
787 1561 823 1617 de
844 1560 904 1634 ejus
924 1571 1013 1616 morte
1033 1558 1145 1633 populus

86 1705 87 1708 Ἴ
146 1640 180 1692 15
196 1637 352 1705 consultus,
378 1635 456 1692 nulla
477 1636 596 1708 quaestio
616 1635 730 1691 decreta
751 1653 767 1690 a
789 1647 888 1690 senatu
909 1647 961 1690 est.
1002 1635 1146 1694 Quantum

194 1712 302 1767 luctum
316 1712 346 1766 in
361 1713 414 1767 hae
428 1711 496 1767 urbe
512 1711 628 1766 luisses
642 1711 744 1766 nostris
757 1710 881 1782 patribus
895 1711 1066 1782 aooepimus‚
1081 1707 1148 1764 edm

194 1787 226 1844 P.
249 1788 396 1858 Africano,
417 1788 493 1845 domi
518 1805 577 1843 sue
595 1785 762 1861 quiessenti,
782 1785 830 1841 illa
852 1795 993 1841 noemma
1012 1785 1055 1840 vis
1077 1795 1149 1840 esset

195 1864 293 1922 illatal
325 1864 473 1926 Quietum
489 1883 547 1922 non
562 1864 688 1940 gemuitl
709 1863 771 1938 quis
783 1879 841 1919 non
852 1862 919 1918 arsit
931 1861 1048 1922 doloret
1069 1877 1148 1936 quem

196 1941 392 2011 immortalem,
416 1943 440 1997 si
461 1941 523 1997 fieri
544 1952 646 2014 posset,
671 1959 771 1996 omnes
791 1957 854 1996 esse
867 1949 1012 2014 cuperent,
1035 1939 1097 2013 ejus
1116 1955 1148 1994 ne

144 2019 180 2073 2⁰
196 2018 384 2072 neeessariam
397 2017 511 2086 quidem
526 2027 715 2086 exspectatam
728 2034 792 2071 esse
805 2017 943 2070 mortem!
975 2014 1055 2071 Num
1069 2016 1147 2090 igitur

196 2092 252 2148 ulla
265 2090 382 2165 questio
393 2091 429 2145 de
450 2090 579 2145 Alrioani
594 2101 682 2145 morte
695 2089 752 2146 lata
765 2091 833 2146 estl
854 2088 932 2146 certe
947 2091 1033 2148 nulla
1074 2091 1149 2152 Quid

195 2168 257 2224 ital
278 2168 345 2242 quia
365 2185 422 2223 ιιοιι
436 2166 491 2223 alio
511 2165 638 2223 facinore
651 2166 720 2222 oleri
737 2167 875 2238 homiues,
896 2168 954 2225 alio
967 2170 1092 2242 obseurl,
1105 2185 1150 2224 ne·

196 2257 304 2303 eantur.
346 2243 460 2302 Intersit
475 2245 563 2302 inter.
588 2244 652 2301 vite
677 2243 844 2319 dignitatem
869 2261 1045 2302 summorum
1073 2257 1149 2319 atque

79 2383 81 2388 ,
196 2324 374 2379 infimorum:
393 2341 470 2378 mors
482 2323 606 2395 quidem,
628 2321 705 2377 illata
717 2321 885 2394 permolor,
907 2323 1008 2379 iisdem
1022 2333 1052 2380 et
1064 2321 1151 2399 ponis

146 2403 181 2458 25
196 2409 323 2454 teneatur
337 2409 366 2453 et
378 2399 496 2470 legibus.
539 2397 604 2451 Nisi
619 2393 689 2450 sorte
704 2397 795 2468 magis
815 2399 870 2452 erit
883 2399 1035 2470 parricida,
1056 2398 1152 2474 siquis

196 2474 372 2530 oonsularem
391 2483 508 2547 patrem,
526 2469 609 2545 qudm
631 2471 656 2526 si
675 2469 737 2544 quis
758 2472 903 2542 humilem,
924 2475 1087 2542 necaverit3
1110 2484 1153 2548 aut

196 2567 230 2606 eo
244 2569 317 2607 mors
331 2551 449 2608 atrocior
464 2550 518 2606 erit
531 2549 562 2606 P.
577 2548 681 2619 Clodii,
695 2543 772 2622 qudd
785 2547 810 2604 is
824 2547 854 2604 in
866 2549 1057 2606 monumentis
1072 2551 1154 2626 majo

196 2646 259 2685 rum
272 2647 387 2684 suorum
404 2629 441 2685 sit
455 2627 640 2685 interlectos:
661 2627 717 2682 hoo
730 2625 808 2683 euim
823 2644 897 2701 saepe
918 2625 1028 2684 antem
1042 2626 1154 2697 dieitur,

195 2705 312 2782 perinde
336 2707 416 2781 quasi
438 2707 549 2782 Appius
568 2705 615 2761 ille
638 2704 741 2762 Cunus
762 2704 836 2761 riam
857 2703 1000 2776 munierit,
1021 2722 1080 2760 non
1099 2704 1154 2776 qud

147 2789 183 2845 30
197 2787 317 2859 populus
330 2795 465 2850 uteretur,
479 2785 529 2838 sed
543 2781 592 2836 ubi
607 2778 723 2853 impune
738 2781 783 2834 sui
797 2781 901 2853 posteri
917 2781 1155 2837 latrooinarentur.

237 2860 345 2933 Itaque,
359 2859 388 2910 in
404 2858 504 2911 eedem
519 2856 572 2908 istt
587 2855 682 2925 Appid
700 2854 755 2920 vid,
769 2852 836 2908 oum
857 2857 1068 2912 ornatissimum
1082 2857 1157 2932 equi·

198 2946 255 2990 tem
270 2933 434 2986 Romanum
449 2929 480 2983 P.
495 2928 614 2983 Clodius
632 2925 673 2981 M·
689 2928 832 3001 Papirium
849 2930 1011 3000 occidisset,
1032 2950 1090 2989 non
1107 2934 1156 2991 mit

198 3007 267 3066 illud
287 3005 397 3063 lacinus
410 3005 607 3082 puniendum:
628 3004 712 3061 homo
725 3005 802 3066 ¹enim
816 3005 919 3062 nobilis
933 3005 963 3062 in
984 3007 1044 3063 suis
1058 3027 1157 3068 monn-

198 3085 302 3143 mentis
315 3085 437 3158 equitem
459 3082 624 3139 Romanum
638 3082 799 3139 oooiderat:
822 3099 899 3138 nuno
912 3081 1040 3154 ejusdem
1054 3087 1158 3163 Appiae

150 3185 185 3238 35
199 3181 302 3222 nomen
326 3169 444 3232 quantas
464 3159 615 3232 tragedias
642 3158 762 3214 exeitatl
796 3157 882 3226 Quae,
903 3169 1050 3215 cruentata
1074 3175 1158 3220 antea

200 3241 278 3296 erede
300 3235 410 3290 honesti
429 3243 513 3306 atque
534 3235 696 3290 innocentis
716 3233 939 3304 riri‚.silebstur‚
959 3235 1060 3292 eadem
1078 3255 1156 3301 nune

199 3308 298 3372 orebrd
313 3321 471 3388 usurpatur,
485 3321 666 3387 posteaquam
685 3309 800 3367 latronis
813 3321 842 3368 et
855 3312 1003 3386 parricide
1015 3319 1156 3392 sanguine

173 3443 176 3452 Δ
200 3391 309 3448 imbuta
323 3401 374 3448 est.
410 3390 466 3447 Sed
480 3387 547 3464 quid
561 3406 615 3462 ego
628 3387 675 3444 illa
685 3391 895 3446 oommernorol
929 3389 1156 3467 Comprehensos

200 3478 244 3525 est
263 3468 294 3524 in
315 3469 419 3542 templo
438 3465 563 3524 Castoris
583 3483 679 3522 servus
699 3464 730 3521 P.
750 3465 854 3538 Clodii,
873 3485 956 3541 quern
978 3469 1025 3526 ille
1045 3472 1081 3527 ad
1101 3471 1153 3526 Cn.

151 3553 188 3609 40
202 3545 368 3619 Pompeium
387 3544 613 3602 interficiendum
627 3543 787 3602 ootloetrar.
828 3544 944 3602 Extorto
956 3557 999 3601 est
1012 3545 1153 3604 confitenti

203 3623 263 3680 sica
289 3623 325 3676 de
352 3621 491 3676 manibus
536 3619 636 3677 Cernit
662 3621 721 3677 loro
747 3631 844 3694 postea
870 3619 1040 3694 Pompeius:
1067 3620 1155 3678 aarum

205 3709 324 3758 senatu:
345 3695 436 3752 oaruit
459 3697 572 3766 publioo
584 3716 600 3752 :·
609 3696 697 3769 janot
722 3713 753 3752 se
776 3713 811 3752 ao
830 3695 995 3769 parietibus,
1018 3717 1075 3755 non
1092 3698 1155 3770 jure

203 3777 300 3851 legum
318 3769 552 3848 judiciorumque,
570 3771 647 3828 texit
688 3771 766 3826 Num
786 3788 848 3844 que
866 3773 976 3846 rogatio
992 3773 1067 3829 latal
1086 3789 1155 3830 ιιιιιιι

205 3869 267 3924 qne
281 3867 353 3910 nore
365 3843 481 3922 questio
493 3845 608 3906 decreta
621 3847 685 3903 estl
719 3845 817 3920 Atqui,
832 3845 857 3904 ei
871 3865 927 3922 res,
948 3849 1036 3922 sirii,
1050 3849 1074 3906 si
1087 3859 1156 3906 tein-
