2542 4212
123 306 170 366 u
410 286 678 348 catarornou.
694 281 900 348 mnacam'd.

176 443 291 501 dantes:
305 441 356 498 sed
369 451 467 497 tamen·
476 457 511 496 ea
530 437 632 510 vicisti,
646 455 708 512 quae
730 426 859 495 nat'uratn
880 447 909 494 et
930 423 1132 510 conditionem,

175 529 207 576 ut
220 520 296 576 vinci
309 529 433 594 possem,
445 516 601 574 habebant:
616 516 693 571 nulla
702 525 746 572 est
756 513 836 571 eninr
846 523 924 570 tanta
938 514 989 584 vis,
1000 525 1062 587 'qua
1073 521 1132 572 no'n

175 596 250 668 ferro
261 615 295 652 ac
305 593 411 651 viribus
420 593 560 666 debilitari
572 591 717 666 frangique
725 592 824 666 possit:
860 589 998 646 Animum
1009 591 1132 662 vincere,

176 671 352 728 iracundiam
373 671 515 741 cohibere,
528 670 672 727 victoriam
693 680 858 744 temperare,
873 667 1072 738 adversarium,
1086 680 1133 724 no·

142 745 292 820 5bilitate,
313 748 440 822 ingenio,
461 748 562 803 virtute
590 755 779 820 prestantem,
799 763 856 800 non
886 740 970 800 modd
1000 743 1133 802 extollere

173 825 325 900 jacentem,
340 824 489 878 sedetiam
504 823 674 896 amplificare
696 822 756 895 ejus
777 819 924 895 pristinam
946 819 1132 892 dignitatem

102 967 106 975 Ι
155 901 237 974 ¹haec
250 901 297 972 qui
312 899 403 966 faciat,
417 915 476 953 non
492 917 545 972 ego
569 916 634 952 eum
658 915 723 954 cum
751 897 871 974 summis
898 897 964 952 viris
991 895 1133 970 comparo,

101 1013 108 1040 2,
175 976 225 1030 sed
240 975 412 1030 simillimum
426 972 489 1029 Deo
499 974 603 1048 judico.
661 1040 664 1047 ¹

215 1051 322 1125 Itaque,
336 1049 493 1121 omasus,
507 1043 616 1106 benite
638 1047 694 1106 tii'tb
716 1047 815 1105 laudes
836 1048 1059 1116 celebrabuntur
1078 1049 1134 1118 illae

126 1131 160 1184 10
175 1129 289 1202 quidem
303 1146 360 1184 non
374 1124 464 1182 solbrn
478 1128 592 1198 nostris,
606 1127 656 1182 sed
667 1123 741 1202 pene
755 1126 882 1182 omnium
896 1126 1034 1200 gentium,
1044 1125 1134 1202 literis

175 1215 258 1276 atque
277 1204 399 1278 linguis3
420 1221 512 1275 neque
539 1203 595 1258 ulla
622 1212 834 1276 unquamaetas
855 1203 890 1258 de
918 1204 974 1259 tuis
1002 1201 1135 1260 laudibus

70 1321 75 1334 .
174 1281 354 1338 conticescet.
396 1277 453 1350 Sed
463 1283 557 1334 tamen
568 1279 704 1352 ejusmodi
715 1296 770 1349 res,
781 1280 880 1336 nescio
889 1280 1038 1353 quomodo,
1048 1281 1134 1336 etiam

174 1353 241 1414 cuni
246 1347 398 1431 leguntur,
410 1355 533 1430 obstrepi
544 1355 666 1426 clamore
677 1355 798 1412 militum
809 1356 951 1428 videntui,
962 1367 990 1413 et
1001 1357 1134 1419 tubarum

175 1451 252 1490 sono.
293 1435 333 1490 At
354 1430 431 1503 verb,
456 1430 524 1489 cinn
547 1433 651 1506 aliquid
677 1433 839 1504 clementer,
863 1431 1022 1504 mansueti,
1043 1431 1137 1508 juste,

125 1512 159 1564 1⁵
169 1507 332 1582 moderate,
342 1511 481 1586 sapienter
495 1510 611 1582 facturn,
624 1509 667 1586 (in
681 1509 828 1567 iracundia
841 1511 1075 1584 praesertimque
1090 1509 1136 1566 es't

175 1587 294 1643 inimica
313 1576 442 1657 consilro,
456 1598 485 1643 et
505 1587 535 1642 iu
556 1587 682 1656 victoria,
697 1607 759 1660 quae
779 1587 880 1642 natura
901 1587 1026 1656 insolens
1047 1597 1075 1643 et
1089 1590 1137 1642 'su-

174 1663 262 1734 perba
272 1663 329 1756 est)
342 1673 390 1718 aut
404 1663 544 1731 audimus,
556 1672 604 1717 aut
614 1661 736 1734 legimus
744 1681 752 1728 ;
773 1679 829 1736 quo
837 1661 930 1715 studio
940 1662 1137 1733 incendimur,

174 1755 234 1794 non
248 1737 331 1794 modo
340 1739 375 1794 'in
388 1737 475 1814 gestis
488 1733 584 1808 rebus,
597 1735 648 1792 sed
670 1736 756 1792 etiam
781 1737 810 1792 in
824 1735 907 1806 fictis,
920 1747 951 1792 ut
974 1745 1035 1791 eos·
1046 1754 1137 1810 saepe,

122 1825 125 1831 ·
175 1833 244 1888 quos
264 1833 409 1890 nunquam
429 1812 561 1886 vidimus,
580 1813 749 1889 diligamus!
789 1811 835 1868 'l'e
855 1807 932 1883 verb,
952 1828 1036 1886 quem
1063 1833 1139 1888 prae-

124 1891 160 1945 2⁰
176 1904 284 1964 sentem
298 1891 450 1962 intuemur,
464 1891 546 1965 cujus
570 1903 694 1948 mentem
714 1897 869 1963 sensusque
893 1899 922 1964 'et
935 1909 967 1946 os
980 1891 1135 1962 cernimus,

174 1977 215 2034 ut,
226 1969 361 2038 quidquid
376 1969 441 2022 belli
456 1968 568 2022 fortuna
581 1969 720 2038 reliquum
734 1967 896 2040 reipublicae
908 1966 1016 2036 lecerit,
1027 1967 1056 2023 id
1069 1985 1135 2022 esse

175 2041 282 2096 salvum
296 2042 375 2111 velis,
389 2043 491 2114 quibus
505 2039 636 2096 laudibus
650 2041 818 2097 efferemus?
838 2041 939 2116 quibus
950 2043 1052 2099 studiis
1071 2061 1136 2117 pro-
1166 2109 1170 2116 Ι

175 2119 344 2191 sequemur?
357 2112 421 2190 ¹qud
440 2115 635 2173 benevolentia
656 2117 898 2192 complectemur?
916 2117 1052 2190 Parietes,
1074 2137 1137 2174 rne-

175 2193 239 2250 dius
252 2194 346 2264 fidius,
371 2205 401 2250 ut
415 2195 484 2250 milri
498 2194 643 2270 videntur)
658 2194 743 2268 hujus
756 2194 853 2263 curiae,
864 2193 915 2250 tibi
929 2197 1033 2270 gratias
1048 2215 1136 2270 agere

124 2264 159 2321 25
174 2272 308 2344 gestiunt,
322 2271 398 2342 quod
413 2271 489 2326 brevi
504 2281 628 2345 tempore
643 2271 735 2326 lutura
749 2270 785 2326 sit
799 2270 847 2326 illa
868 2272 1020 2328 auctoritas
1042 2271 1072 2329 in
1086 2272 1135 2327 his

174 2346 310 2416 majorum
324 2361 438 2400 suorum
451 2357 480 2400 et
493 2345 551 2402 suis
566 2345 689 2400 sedibus.

69 2411 73 2422 ’
212 2419 265 2474 IV.
306 2417 455 2492 Equidem,
476 2415 542 2474 cirin
572 2419 605 2474 O.
627 2417 768 2489 Marcelli,
788 2421 840 2476 viri
869 2423 977 2494 optimi,
998 2433 1026 2478 et
1055 2443 1138 2480 com—

173 2495 347 2552 memorabili
357 2495 460 2570 pietate
471 2495 590 2570 praediti,
597 2491 735 2568 lacrymas
745 2493 828 2552 modb
840 2496 985 2554 vobiscum
995 2495 1135 2570 viderem,

173 2573 301 2630 omnium
323 2571 532 2630 ¹Marcellorum
567 2588 661 2629 meum
681 2583 781 2648 pectus
809 2573 951 2642 anemoria
986 2571 1132 2654 [obludit]

123 2657 159 2712 30
174 2650 289 2711 Quibus
302 2662 334 2708 tu
347 2651 431 2708 etiam
445 2651 574 2722 mortuis,
589 2649 630 2706 M.
647 2648 786 2708 Marcello
793 2645 1132 2726 conservato,dignilatem

174 2747 254 2784 suam
277 2729 440 2793 'reddidisti;
461 2727 719 2798 nobilissimamque
740 2729 883 2796 familiam,
894 2727 952 2801 jam
971 2728 1006 2784 ad
1024 2746 1135 2802 paucos

173 2797 327 2868 murciam,
340 2799 414 2872 pene
423 2801 465 2864 ¹ab
476 2802 590 2854 interitu
605 2801 765 2854 vindicasti.
807 2799 896 2855 Hunc
910 2813 941 2857 tu
954 2805 1040 2875 igitur
1054 2806 1132 2860 diem

173 2877 229 2930 tuis
257 2874 387 2928 maximis
400 2883 428 2927 et
451 2868 703 2928 innumerabilibus
726 2873 960 2948 gratulationibus
977 2877 1040 2948 jur'e
1054 2893 1135 2937 ante·

83 2961 86 2966 ’
172 2965 268 3022 pones.
310 2947 382 3020 Haec
395 2947 472 3003 enim
486 2966 530 3002 res
548 2947 633 3003 unius
656 2951 699 3002 es't
718 2949 829 3022 propria
852 2949 990 3018 Caesaris5
1010 2963 1133 3026 caeterae,

123 3037 158 3090 35
173 3025 245 3081 duce
259 3029 405 3106 regestae,
418 3043 465 3080 ma
486 3043 529 3081 nae
544 3025 599 3080 illae
621 3015 747 3098 quidem,
761 3025 811 3080 sed
832 3036 927 3081 tamen
952 3025 1041 3082 multo
1054 3047 1135 3106 mag·
1236 3012 1241 3023 ’

172 3119 266 3176 noque
277 3101 421 3157 comitatu.
493 3101 556 3174 ujus
586 3103 679 3157 autem
706 3100 746 3156 rei
770 3111 802 3156 tu
825 3101 900 3156 idem
921 3113 950 3158 et
970 3101 1028 3158 dux
1039 3123 1081 3174 es,
1101 3120 1141 3165 et.

172 3193 285 3234 comes:
305 3191 366 3246 quae
386 3174 500 3246 quidem
524 3187 601 3232 tanta
622 3187 674 3251 est,
695 3187 726 3232 ut
748 3177 859 3250 tropaeis
883 3181 1132 3256 monumentisque

172 3252 229 3315 tuis
241 3250 358 3306 allatura
371 3249 456 3305 smem
471 3251 507 3307 sit
520 3261 586 3307 aetas
601 3252 685 3328 (nihil
707 3253 783 3310 enim
808 3265 851 3310 est
873 3273 957 3328 opere
982 3268 1030 3314 aut
1044 3277 1130 3317 manu

171 3327 293 3397 sactum,
307 3331 309 3336 '
321 3327 376 3384 uod
392 3326 541 3402 aliquando
553 3343 610 3384 non
625 3328 758 3386 conficiat
770 3341 799 3387 et
812 3344 958 3389 consumat
969 3335 1108 3412 uetustas)
1122 3355 1129 3391 :

123 3403 201 3484 adut
230 3401 296 3474 verb
343 3424 385 3460 arc
404 3415 453 3460 tua
470 3405 579 3479 justitia
592 3415 620 3461 et
640 3405 741 3464 lenitas
763 3408 849 3464 animi
865 3408 992 3468 florescet
1005 3407 1130 3485 quotidie

172 3480 273 3554 magis,
291 3480 330 3536 ita
350 3492 392 3550 ut,
412 3493 548 3554 quantum
568 3483 699 3556 operibus
716 3485 776 3540 ‘tuis
799 3485 968 3544 diuturnitas
991 3487 1129 3560 detrahet,

172 3566 281 3613 tantum
295 3556 392 3611 afferat
404 3556 542 3615 laudibus.
583 3558 620 3615 Et
633 3571 749 3617 caeteros
762 3562 875 3635 quidem
888 3581 986 3622 omnes
1010 3567 1131 3623 victores

173 3632 309 3688 bellorum
323 3632 448 3686 civilium
459 3633 518 3706 jam
533 3633 598 3691 antd
613 3638 743 3710 aequitate
757 3648 788 3704 et
799 3638 991 3698 misericordia
1005 3644 1130 3701 viceras:

173 3708 308 3768 hodierno
328 3701 394 3764 rcr'd
415 3705 461 3764 die
481 3719 510 3766 te
531 3712 622 3786 ipsum
642 3703 744 3770 vicisti.
784 3710 902 3786 Vereor,
919 3735 957 3774 ne
977 3719 1042 3795 hoc,
1054 3722 1130 3798 quod
