2516 4204
387 296 520 346 omnnio
536 295 575 345 ΙΝ
591 295 629 344 Μ.
645 295 844 346 mortim

510 609 734 689 ORATIO

314 843 381 917 IN
432 843 495 916 M.
540 841 924 916 ANTONIUM.

172 1200 202 1260 Ι.
245 1200 384 1262 Quom
404 1216 469 1256 meo
489 1197 556 1269 lato,
570 1196 667 1254 Patres
688 1195 859 1271 conscripti,
873 1196 934 1254 lieri
949 1196 1052 1268 dicam,
1067 1207 1099 1256 ut

139 1298 234 1351 nemo,
248 1279 293 1335 his
308 1275 514 1350 annisviginti,
528 1274 690 1350 reipublicae
704 1273 788 1332 luerit
801 1275 896 1344 bostis,
909 1275 956 1348 qui
969 1293 1026 1332 non
1041 1275 1099 1332 bal·

138 1357 198 1413 lum
211 1357 312 1414 eodem
332 1365 457 1427 tompore
471 1352 541 1408 mihi
561 1369 671 1425 quoque
692 1350 844 1408 indixeritl
884 1350 949 1408 Nec
968 1348 1035 1408 rard
1049 1369 1099 1408 ue·

140 1451 221 1490 cesse
241 1442 285 1488 est
298 1450 315 1485 a
329 1448 374 1485 me
387 1446 546 1502 quenquam
566 1428 725 1486 nominari:
746 1427 889 1484 vobiscum
904 1427 957 1502 ipsi
970 1428 1099 1484 recorda·

141 1509 222 1565 mini.
262 1506 338 1562 Mihi
351 1521 496 1579 poenarum
510 1504 548 1560 illi
562 1501 635 1578 plus,
646 1501 732 1578 quim
745 1514 881 1578 optarem,
894 1503 1050 1570 dederunt;
1069 1513 1098 1559 te
1112 1505 1133 1558 b

140 1585 238 1654 miror,
252 1583 370 1653 Antoni,
384 1600 500 1656 quorum
515 1581 587 1637 sactu
607 1581 727 1650 imitere,
741 1597 838 1636 eorum
858 1581 950 1638 exitus
969 1598 1025 1637 uon
1038 1597 1101 1654 per·

138 1662 311 1718 horrescere.
346 1660 441 1732 Atque
452 1659 505 1714 boc
515 1659 545 1714 in
556 1658 618 1714 aliis
628 1653 724 1714 minus
734 1657 872 1714 mirabar:
893 1656 1098 1714 nemcillorum

139 1737 275 1794 inimicus
288 1737 358 1792 mihi
370 1735 422 1792 fuit
433 1735 621 1792 voluntarius:
642 1753 742 1792 omnes
753 1753 770 1789 a
780 1751 825 1790 me
838 1733 999 1808 reipublice
1010 1733 1098 1790 crunt

140 1812 275 1868 lacessiti.
315 1811 376 1880 Tu,
389 1830 427 1866 ne
440 1811 525 1866 verbo
541 1811 654 1882 quidem
674 1810 803 1880 violatus,
817 1821 848 1866 ut
868 1810 1000 1866 audacior
1012 1807 1098 1880 quim

139 1887 176 1946 L.
191 1888 326 1957 Catilina,
341 1887 468 1943 furiosior
480 1884 565 1959 qudm
586 1885 618 1942 P.
632 1887 759 1956 Clodius,
774 1887 910 1955 viderere,
931 1884 1002 1942 ultro
1015 1883 1100 1940 malo·
1115 1885 1151 1940 1⁰

138 1965 224 2022 dictis
237 1983 284 2021 me
296 1963 451 2020 lacessisti:
471 1973 602 2036 tuamque
616 1983 633 2020 a
646 1982 692 2020 me
710 1962 908 2020 alienationem
921 1959 1100 2018 commenda·

137 2041 244 2098 tionem
255 2040 307 2097 tibi
321 2041 357 2095 ad
368 2039 446 2095 cives
461 2039 564 2112 impios
575 2039 634 2095 lore
648 2039 787 2112 putavisti.

177 2118 259 2178 Quid
285 2117 403 2190 puteml
430 2126 661 2188 contemptumne
688 2115 753 2172 mel
792 2112 861 2172 Non
881 2116 972 2184 rideo,
992 2135 1047 2172 neo
1066 2116 1097 2174 in

137 2195 207 2263 virt,
221 2211 277 2249 nec
295 2193 326 2246 in
341 2191 442 2264 gratid,
455 2209 511 2244 nec
525 2190 555 2244 in
571 2190 655 2244 rebus
667 2191 763 2264 gestis,
777 2209 831 2248 nec
851 2192 881 2246 in
895 2192 950 2246 bac
963 2191 1028 2246 med
1041 2209 1099 2246 ma·

140 2269 290 2324 diocritate
310 2266 430 2340 ingenii,
443 2265 512 2337 quid
533 2265 678 2339 despicere
697 2267 784 2342 possit
805 2267 955 2324 Antonius.
996 2266 1044 2322 An
1067 2266 1097 2322 in
1114 2266 1150 2320 1⁵

139 2355 242 2400 senatu
256 2339 389 2399 facillimo
404 2342 440 2398 de
452 2359 499 2398 me
517 2341 624 2398 detrahi
645 2363 726 2418 posse
740 2343 880 2402 orediditl
899 2343 947 2418 qui
960 2343 1030 2400 ordo
1041 2341 1099 2400 cln-

137 2421 258 2478 rissimis
271 2420 381 2476 civibus
403 2419 475 2475 bene
494 2430 581 2494 geste
602 2421 765 2494 reipublice
778 2419 971 2480 testimonium
990 2419 1098 2493 multis,

138 2497 212 2552 mibi
239 2497 291 2552 uni
311 2506 492 2565 conservatae,
513 2497 600 2552 dedit.
642 2499 691 2554 An
712 2498 856 2554 decertare
877 2514 990 2554 mecum
1010 2496 1098 2554 voluit

140 2573 327 2628 contentione
353 2572 488 2628 dicendil
520 2573 574 2628 hoc
600 2572 714 2646 quidem
744 2573 912 2630 beneficium
938 2583 999 2628 ert:
1028 2573 1096 2644 quid

140 2649 219 2705 enirn
241 2648 362 2721 plenius,
375 2648 441 2720 quid
455 2647 579 2718 uberius,
592 2647 678 2722 quim
692 2649 761 2706 mibi
783 2660 813 2704 et
824 2666 876 2722 pro
888 2665 944 2716 me,
956 2657 986 2702 at
997 2657 1097 2702 contra
1110 2643 1149 2698 ω

139 2724 315 2793 Antonium,
328 2724 443 2780 dicerel
482 2722 554 2780 Illud
568 2721 697 2799 proleotd
711 2735 769 2782 est:
791 2743 848 2782 non
861 2722 1039 2790 existimarit,
1052 2721 1097 2778 sui

141 2799 284 2856 similibus
296 2801 405 2874 probari
418 2819 508 2874 posse,
518 2820 550 2858 se
560 2819 623 2858 esse
636 2802 743 2858 hostem
754 2801 861 2876 petrin,
872 2800 927 2858 nisi
940 2799 1011 2856 mihi
1024 2805 1100 2854 esset

139 2875 283 2934 inimicus.
325 2877 381 2932 Cui
401 2878 480 2950 prius
500 2876 586 2950 quim
599 2879 635 2934 de
656 2877 766 2934 caeteris
779 2878 863 2934 rebus
876 2877 1041 2952 respondeo,
1061 2874 1099 2932 de

138 2952 275 3023 amicitid,
288 2971 373 3026 quam
388 2971 406 3007 a
419 2971 465 3008 me
478 2953 607 3009 violatam
621 2972 683 3012 esse
696 2953 862 3010 criminatus
875 2964 927 3024 est,
943 2953 1031 3027 (quod
1043 2971 1098 3028 ego

136 3030 336 3105 gravissimum
351 3028 462 3084 crimen
484 3028 595 3104 judico)
609 3049 701 3103 pauca
722 3029 824 3084 dicam.
1111 3037 1150 3092 25

175 3105 216 3162 11.
259 3105 369 3162 Contra
382 3122 441 3159 rem
456 3122 537 3160 suam
551 3122 605 3174 me,
616 3107 715 3164 nescio
728 3103 849 3177 quando,
860 3103 971 3161 venisse
983 3111 1099 3176 questus

136 3190 191 3238 est.
232 3181 281 3236 An
295 3199 350 3254 ego
363 3197 422 3236 non
444 3180 569 3236 venirem
589 3193 687 3238 contra
707 3181 830 3238 alienum
850 3199 902 3255 pro
921 3177 1051 3239 familiari
1070 3187 1101 3236 et

138 3256 304 3312 necessario
323 3259 407 3312 maol
428 3274 486 3311 non
506 3255 631 3312 venirem
652 3268 750 3314 contra
769 3257 898 3330 gratiam,
912 3276 969 3312 non
989 3255 1101 3314 virtutis

139 3348 202 3405 spe,
213 3330 264 3385 sed
275 3331 364 3386 emus
374 3329 451 3401 flore,
459 3331 625 3390 collectaml
639 3350 703 3390 vnon
714 3333 839 3388 venirem
849 3341 947 3387 contra
958 3332 1099 3405 injuriam,

138 3423 226 3480 quam
246 3405 298 3460 iste
321 3405 512 3464 intercessoris
536 3407 703 3481 iniquissimi
727 3406 866 3463 beneficio
889 3406 1021 3478 obtinuit,
1041 3426 1098 3466 non
1113 3407 1149 3458 ³0

133 3480 670 3620 it‘5.titiil...l⁰il⁰t.lsl23
687 3493 1101 3618 dimittimini&

136 3647 183 3694 tur
197 3630 327 3694 libertini
340 3652 487 3708 generum,
500 3646 529 3697 et
542 3636 645 3696 liberos
657 3604 721 3692 t'uos
734 3646 851 3711 nepotes
862 3635 902 3699 Q.
913 3637 1006 3704 Fadii,
1019 3634 1102 3690 libet-

137 3713 191 3776 tini
206 3709 343 3784 bominis,
360 3711 454 3775 luisse.
