2542 4212
375 266 509 316 ORATIO
525 267 594 315 P1to
610 265 706 316 LEGE
722 267 885 318 MANILIA.
1125 273 1164 332 53

150 407 286 484 liqueritl
320 407 422 464 Vestra
436 408 657 466 admurmuratio
671 409 746 478 facit,
760 409 899 479 Quirites,
913 419 945 466 ut
957 427 1112 486 agnoscere

150 485 315 554 videamini,
336 485 384 557 qui
398 486 460 540 haec
481 485 616 542 fecerint:
638 505 691 560 ego
704 497 798 542 autem
819 487 963 544 neminem
977 487 1111 546 nomino:

152 582 240 638 quare
259 561 341 618 irasci
362 562 431 618 mihi
451 581 536 618 nemo
549 563 658 636 poterit,
679 563 735 618 nisi
748 563 798 636 qui
811 559 877 620 ante
892 563 927 620 de
942 582 972 620 se
993 563 1111 622 voluerit

153 640 288 698 confiteri.
324 638 432 713 Itaque,
443 649 554 713 propter
566 641 639 696 hauc
651 640 795 696 avaritiam
807 640 1013 714 imperatorum,
1024 659 1111 714 quan·

152 728 195 776 us
214 717 398 787 calamitates,
420 713 590 790 quocunque
610 727 726 774 rentum
747 717 793 786 sit,
814 717 901 774 noent
916 717 1056 774 exercitus
1072 717 1110 774 se·
1143 729 1161 780 5

152 806 224 866 rant,
245 795 309 868 quis
323 794 452 868 ignoratl
485 793 603 864 Itinera,
617 813 680 868 qure
700 813 750 868 per
764 793 851 850 hosce
872 811 962 852 annos
975 793 1006 850 iu
1026 791 1110 850 latit

152 891 203 946 per
218 890 301 945 agros
314 881 396 944 atque
415 871 515 945 oppida
526 871 631 928 civium
645 871 841 927 Romanorum
861 871 949 928 nostri
964 871 1111 944 imperato-

122 973 125 978 Δ
156 967 203 1004 res
216 948 353 1018 fecerunt,
372 948 575 1004 recordamini:
597 959 657 1004 tum
672 944 784 1004 saciliirs
804 947 940 1018 statuetis,
953 947 1021 1022 quid
1036 947 1111 1022 apud

157 1035 267 1082 exteras
278 1025 406 1082 nationes
424 1025 486 1082 fieri
498 1026 673 1082 existimetis.
714 1022 816 1082 Utrum
829 1023 923 1098 plures
937 1023 1110 1080 arbitramini

154 1121 204 1176 per
217 1102 302 1160 hosce
317 1121 407 1160 annos
421 1103 541 1159 militum
554 1115 709 1160 vestrorum
724 1101 810 1158 armis
820 1101 943 1158 hostium
956 1101 1050 1169 urbes,
1065 1117 1112 1171 an,
1129 1111 1161 1166 ιο

154 1179 290 1249 hibernis,
306 1181 445 1236 sociorum
459 1181 596 1250 civitates,
614 1197 677 1236 esse
691 1179 819 1236 deletasl
859 1175 961 1250 Neque
975 1177 1052 1234 enim
1066 1195 1113 1250 po·

153 1266 207 1312 test
219 1257 377 1312 exercitum
392 1258 416 1312 is
430 1258 575 1314 continere
590 1259 748 1331 imperator,
762 1255 811 1328 qui
825 1273 855 1310 se
870 1255 962 1328 ipsum
976 1272 1033 1310 non
1047 1271 1113 1310 con·

152 1333 241 1401 tinet;
262 1352 354 1406 neque
368 1351 482 1390 severus
499 1353 561 1390 esse
576 1335 606 1390 in
617 1333 781 1407 judicando,
794 1331 842 1404 qui
860 1331 929 1388 alios
943 1331 973 1388 in
993 1349 1024 1388 se
1037 1349 1113 1388 seve·

152 1429 199 1468 ros
212 1429 276 1466 esse
287 1410 399 1484 judices
411 1429 468 1468 nou
483 1411 549 1467 vult„

194 1486 255 1542 Hic
276 1487 420 1556 miramur,
441 1489 518 1543 hunc
539 1488 680 1544 hominem
704 1482 816 1542 tantlrm
836 1486 973 1542 excellere
994 1485 1163 1556 ceteris,15

157 1563 240 1636 cujus
250 1563 377 1637 legiones
388 1564 430 1620 sic
444 1565 474 1620 in
484 1565 584 1620 Asiam
594 1573 790 1638 pervenerunt,
805 1574 837 1618 ut
848 1581 904 1620 non
916 1559 1000 1620 modd
1014 1579 1114 1620 manus

155 1640 227 1696 tanti
248 1641 399 1712 exercitiis,
420 1643 470 1698 sed
491 1661 528 1698 ne
549 1642 697 1718 vestigium
717 1641 842 1714 quidem,
864 1640 993 1714 cuiquam
1014 1651 1114 1714 pacato

154 1718 287 1780 nocuisse
306 1719 438 1778 dicaturl
478 1719 543 1776 Jam
560 1717 636 1789 verri,
649 1718 888 1793 quemadmodum
907 1717 1009 1774 milites
1024 1718 1114 1776 hiber·

157 1805 237 1862 nent,
250 1788 535 1866 quotidie‘sermones
554 1815 588 1851 ac
603 1797 691 1852 literae
705 1796 891 1869 perferuntur.
932 1793 999 1850 Nou
1020 1791 1113 1864 modd,

157 1879 191 1925 ut
205 1879 348 1943 sumptum
369 1871 453 1928 saciat
472 1872 502 1928 in
521 1872 649 1942 militem,
670 1873 777 1930 nemini
795 1873 837 1928 vis
857 1871 987 1938 offertum
1010 1871 1060 1926 sed
1078 1877 1163 1932 nelli

155 1946 283 2021 cupienti
305 1948 419 2021 quidem
441 1949 574 2023 cuiquam
594 1949 771 2024 permittitur.
814 1948 927 2006 Hiemis
947 1947 1035 2018 enim,
1056 1965 1114 2006 non

156 2024 288 2095 avaritiae,
303 2026 463 2100 perfugium
476 2027 597 2102 majores
611 2028 700 2085 nostri
715 2028 745 2084 in
759 2027 902 2085 sociorum
916 2037 999 2100 atque
1013 2025 1115 2084 amico·

155 2119 216 2158 rum
230 2103 314 2158 tectis
327 2122 390 2160 esse
404 2105 559 2162 voluerunt.

193 2177 276 2234 XIV.
311 2180 376 2255 Age
392 2179 470 2253 verti,
489 2184 600 2239 ceteris
619 2183 649 2239 in
668 2184 752 2240 rebus
768 2184 843 2258 quali
863 2184 900 2240 sit
919 2182 1114 2256 temperantia,

155 2256 342 2326 considerate.
383 2257 467 2315 Unde
483 2260 560 2316 illam
580 2271 687 2316 mutam
705 2261 887 2330 celeritatem,
903 2271 932 2316 et
949 2270 1007 2316 tam
1026 2259 1117 2316 incre·
1129 2265 1165 2318 25

157 2331 274 2388 dibilem
294 2351 407 2390 cursum
427 2336 572 2394 inventum
589 2339 717 2412 putatisl
737 2357 794 2395 non
815 2338 893 2394 enim
913 2337 992 2394 illum
1012 2335 1116 2392 eximia

155 2408 197 2466 vis
210 2411 361 2486 remigum,
376 2425 424 2470 aut
434 2433 484 2470 ars
498 2415 624 2474 inaudita
633 2417 761 2491 quaedam
775 2415 962 2492 gubernandi,
977 2425 1026 2471 aut
1039 2413 1114 2470 venti

155 2485 240 2558 aliqui
255 2489 330 2560 novi,
349 2500 407 2546 tam
421 2492 549 2550 celeriter
565 2494 594 2549 in
614 2495 726 2550 ultimas
740 2505 828 2550 terras
848 2493 1041 2568 pertulerunt:
1062 2491 1114 2548 sed

156 2561 202 2618 hae
216 2582 272 2631 res,
289 2584 352 2636 qum
367 2578 483 2624 caeteros
499 2572 633 2626 remorari
647 2571 747 2640 solent,
769 2589 827 2628 non
842 2570 1034 2626 retarddrunt:
1056 2585 1113 2624 non

156 2638 275 2694 avaritia
288 2640 326 2694 ab
336 2640 560 2700 institutucursu
573 2646 607 2700 ad
622 2648 744 2718 praedam
755 2649 873 2722 aliquam
888 2645 1042 2712 devocavit,
1057 2661 1114 2698 non
1129 2651 1164 2704 30

154 2714 245 2772 libido
265 2717 302 2772 ad
322 2717 501 2792 voluptatem,
521 2739 576 2778 non
598 2724 743 2780 amenitas
758 2725 793 2781 ad
812 2721 1038 2790 delectationem,
1057 2737 1114 2776 rron

155 2792 289 2848 nobilitas
310 2794 387 2850 urbis
406 2797 442 2852 ad
463 2799 662 2873 cognitionem,
683 2819 740 2860 non
758 2803 881 2876 denique
902 2799 979 2858 labor
1000 2798 1060 2872 ipse
1078 2796 1114 2852 ad

155 2869 297 2943 quietem‚·
317 2871 470 2948 postremd,
489 2877 579 2952 signa,
598 2889 626 2935 et
639 2879 758 2950 tabulas,
775 2891 931 2952 ceteraque
949 2883 1114 2934 ornamenta

153 2948 320 3006 Graecorum
334 2952 512 3025 oppidorum,
533 2973 595 3029 quae
609 2957 705 3012 caeteri
719 2957 845 3014 tollenda
857 2974 920 3011 esse
933 2953 1112 3021 arbitrantur,

152 3043 187 3080 ea
206 3026 261 3084 sibi
283 3027 330 3083 ille
351 3047 389 3084 ne
410 3032 527 3088 visenda
541 3034 654 3106 quidem
674 3033 852 3090 existimavit.
894 3031 992 3100 Itaque
1016 3046 1114 3084 omnes
1128 3034 1164 3088 35

152 3103 267 3175 quidem
282 3123 362 3162 nunc
377 3107 407 3164 in
426 3109 471 3164 liis
483 3109 555 3166 locis
568 3110 622 3166 Cn.
637 3111 814 3185 Pompeium,
833 3109 906 3166 sicut
921 3105 1041 3179 aliquem
1055 3121 1113 3158 non

153 3197 189 3233 ex
201 3181 256 3237 hac
271 3183 341 3238 urbe
352 3185 480 3257 missum,
494 3187 545 3244 sed
560 3189 595 3243 de
609 3189 682 3244 coelo
693 3188 850 3260 delapsum,
862 3187 1022 3242 intuentur:
1036 3197 1114 3236 nunc

156 3253 277 3328 denique
299 3260 442 3335 incipiunt
464 3265 592 3335 credere,
620 3265 706 3321 luisse
734 3264 863 3320 homines
886 3263 1033 3318 Romanos
1057 3257 1112 3312 hac

156 3332 299 3402 quondam
314 3337 501 3409 aestimarim
523 3342 596 3414 quod
614 3341 672 3416 jam
693 3340 855 3397 nationibus
873 3335 975 3393 exteris
995 3333 1116 3389 incredi-

156 3405 224 3478 bile,
239 3427 274 3464 ee
288 3409 357 3468 falsd
377 3419 516 3474 memorie
529 3419 681 3493 proditum,
701 3417 856 3472 videbatur.
897 3412 985 3468 Nunc
1004 3410 1115 3483 imperii
1129 3418 1164 3470 40

153 3485 240 3572 vestri
261 3487 391 3561 splendor
415 3493 469 3550 illis
489 3496 622 3570 gentibus
646 3496 738 3550 lucet:
764 3509 842 3548 nunc
862 3489 1032 3562 intelligunt,
1057 3505 1116 3572 nqn

152 3581 215 3620 ame
235 3565 324 3621 causi
342 3569 460 3644 majores
481 3591 546 3628 suos
563 3581 634 3639 tum,
654 3567 721 3624 cum
739 3569 794 3625 hac
811 3563 1002 3644 temperantia,
1015 3579 1117 3632 magis·

151 3649 242 3774 {qartus
265 3642 446 3777 hpbeliamus,
463 3649 572 3714 ,servire
588 3645 692 3722 populo
711 3645 852 3719 Romano,
873 3642 959 3720 quam
979 3641 1116 3707 imperare

167 3738 223 3792 us,
238 3738 286 3777 ma
298 3737 381 3780 uisse.

362 3813 465 3869 5„
