2542 4212
161 325 203 393 24
435 335 562 387 enarro
578 335 612 388 11.
630 337 669 388 m
686 335 716 389 n.
728 335 933 388 cammunti.

213 474 258 531 Ex
285 476 340 534 hac
360 477 437 533 enim
457 489 535 552 parte
554 480 647 553 pudor
667 489 784 554 pugnat,
800 478 879 534 illinc
902 473 1080 550 petulantia;
1100 473 1169 533 hinc

212 551 359 624 pudicitia,
380 553 458 609 illinc
472 565 613 628 stuprum3
635 556 702 611 hinc
725 554 804 624 fides,
826 553 904 609 illino
928 552 1081 619 fraudati03
1100 552 1169 609 hinc

211 627 310 700 pietas,
324 628 401 684 illinc
426 630 532 698 scelus3
553 632 621 686 hinc
643 629 812 700 constantia,
828 629 906 684 illinc
920 629 1010 694 furor;
1033 628 1102 683 hino
1119 629 1168 684 ho·

211 714 315 774 nestas,
324 704 402 760 illinc
409 707 552 779 turpitudo
557 725 565 774 ς
580 705 838 774 hincoontinentia,
847 705 925 760 illinc
933 704 1036 759 libido:
1048 705 1168 776 denique

177 781 335 852 5oequitas,
355 783 549 854 temperantia,
573 783 714 852 fortitudo,
738 781 896 856 prudentia,
917 780 1032 835 virtutes
1058 799 1166 848 omnes,

210 866 320 910 certant
339 873 405 910 curn
422 857 581 928 iniquitate,
604 877 670 912 oum
690 857 810 927 luxuriis,
825 874 891 912 cum
913 855 1035 930 ignavid,
1054 873 1119 910 cum
1130 866 1168 910 te·

209 929 346 998 maritate,
358 947 423 984 cum
436 931 510 986 vitiis
524 932 670 986 omnibus:
690 929 840 1004 postremi),
852 931 940 1004 copiae
954 949 1019 1000 cum
1034 941 1166 1004 egestate,

210 1002 283 1058 bona
295 1005 365 1060 ratio
378 1023 442 1060 oum
456 1007 575 1078 perdita,
589 1025 669 1062 mens
682 1025 751 1063 sana
765 1007 835 1062 cum'
847 1007 980 1076 amentiis,
995 1007 1069 1062 bona
1089 1007 1167 1062 deni·

208 1097 263 1151 que
283 1098 346 1154 spes
367 1099 432 1136 cum
457 1081 584 1137 omnium
610 1101 704 1138 rerum
730 1083 934 1156 desperatione,
955 1081 1088 1154 confligit.
1130 1082 1165 1137 In

159 1165 194 1218 ιο
208 1155 366 1228 hujusmodi
388 1157 541 1212 certamine
562 1177 596 1213 ac
615 1159 723 1232 proelio,
744 1177 850 1228 nonne,
869 1159 953 1214 etiam
976 1159 1000 1213 si
1021 1157 1166 1214 hominum
1235 1221 1236 1224 Ἰ

206 1232 301 1286 studia
314 1231 455 1302 deficiant,
470 1232 518 1288 Dii
533 1235 586 1306 ipsi
600 1235 769 1290 immortales
782 1245 894 1308 cogent,
906 1235 941 1290 ab
955 1235 1000 1290 his
1012 1233 1165 1308 praeclaris·

205 1305 285 1361 simis
300 1307 456 1378 virtutibus,
470 1318 509 1364 tot
522 1320 551 1365 et
565 1320 643 1365 tanta
655 1311 722 1366 vitia
740 1311 884 1384 superarit

187 1395 193 1402 ·
224 1381 315 1438 xil.
355 1383 431 1443 Quae
451 1403 518 1440 cum
542 1385 582 1441 ita
601 1388 667 1456 sint,
687 1387 826 1456 Quirites,
847 1405 905 1457 vos,
926 1387 1164 1460 quemadmodum
1254 1413 1255 1426 a

203 1457 262 1530 jam
276 1470 368 1530 antea,
382 1472 473 1516 vestra
485 1471 560 1518 tecta
572 1463 707 1518 custodiis
726 1463 882 1538 vigiliisque
903 1464 1061 1519 defendite:
1083 1462 1165 1532 mihi,

158 1537 191 1588 15
206 1545 238 1590 ut
255 1534 335 1606 Urbi,
349 1537 411 1593 sine
432 1549 524 1595 vestro
543 1550 621 1595 motu
642 1558 676 1595 ac
697 1540 758 1596 sine
778 1540 836 1596 ullo
855 1540 988 1609 tumultu,
1002 1539 1070 1594 satis
1090 1549 1166 1594 esset

204 1613 337 1684 praesidii,
352 1615 511 1670 consultum
525 1634 559 1670 ac
579 1617 722 1688 provisum
742 1627 791 1672 est.
832 1616 933 1671 Coloni
953 1634 1053 1671 omnes
1073 1615 1166 1670 muni·

205 1687 339 1759 cipesque
353 1689 446 1756 vestri,
460 1689 592 1744 certiores
606 1709 623 1744 a
633 1709 679 1744 me
691 1692 757 1744 facti
767 1692 803 1744 de
817 1691 870 1744 hac
884 1691 1023 1744 nocturna
1041 1691 1167 1746 excursi-

203 1779 259 1817 one
273 1761 413 1833 Catiline,
427 1760 510 1819 facile
524 1765 610 1820 urbes
623 1783 688 1821 suas
701 1765 826 1838 finesque
840 1764 1008 1820 defendent:
1029 1765 1167 1838 gladiato-

204 1856 259 1909 res,
279 1858 364 1913 quam
391 1840 444 1896 sibi
471 1839 518 1897 iiie
538 1842 690 1898 maximam
710 1859 827 1898 manum
848 1851 877 1897 et
897 1841 1083 1897 certissimam
1105 1842 1164 1898 fore

153 1918 190 1972 20
204 1918 319 1988 putavit,
336 1915 507 1990 (quanquam
528 1919 643 1974 meliore
658 1919 752 1974 animo
767 1928 842 1987 sunt,
856 1915 942 1989 qudm
958 1936 1022 1992 pars
1035 1918 1165 1990 patricio-

204 1991 280 2064 rum)
301 2001 436 2062 potestate
456 2002 550 2045 tamen
571 1993 669 2046 nostrd
689 1994 917 2048 continebuntur.
957 1992 996 2050 Q.
1018 1991 1163 2065 Meteilus,

150 2063 152 2066 ’
202 2083 286 2137 quem
298 2083 360 2139 ego,
368 2065 540 2138 prospiciens
549 2067 614 2135 hoo,
625 2066 655 2120 in
667 2085 765 2140 agrum
776 2065 954 2122 Gallicanum
966 2066 1162 2142 Picenumque

203 2141 334 2214 praemisi,
362 2152 410 2197 aut
435 2141 572 2214 opprimet
598 2143 753 2213 hominem,
780 2152 829 2198 aut
855 2161 954 2200 omnes
980 2144 1042 2219 ejus
1068 2157 1162 2202 motus
1255 2161 1256 2188 t

203 2217 544 2292 conatusqueprohibebit.
579 2215 1162 2292 Reliquisautemderebusconstituendis,
1255 2269 1256 2272 ,

153 2299 190 2352 25
204 2296 387 2365 maturandis,
398 2295 526 2368 agendis,
535 2294 593 2368 jam
604 2296 640 2351 ad
653 2301 782 2352 senatum
795 2297 959 2370 reseremus,
969 2317 1053 2371 quem
1067 2301 1160 2356 vocari

204 2371 314 2427 videtis.

176 2483 180 2489 -
241 2447 271 2504 N
272 2465 329 2503 unc
342 2448 413 2519 illos,
423 2449 471 2522 qui
481 2449 510 2504 in
519 2449 595 2506 Urbe
608 2461 813 2524 remanserunt,
825 2461 908 2525 atque
919 2449 990 2507 adeo
1003 2453 1051 2524 qui
1062 2463 1162 2510 contra

202 2523 286 2580 Urbis
298 2525 417 2582 salutem
430 2526 612 2601 omniumque
625 2528 759 2600 restrium,
770 2528 799 2583 in
814 2527 890 2584 Urbe
901 2547 918 2584 a
929 2528 1054 2584 Catilina
1068 2528 1160 2586 relicti

75 2667 90 2680 ι
202 2612 457 2678 suntquamquam
479 2615 545 2660 sunt
565 2606 668 2676 hostes,
689 2617 794 2675 tamen,
815 2605 880 2679 quia
900 2603 966 2662 ‘nati
988 2616 1053 2661 sunt
1073 2605 1159 2674 cives,

152 2685 188 2739 w
201 2680 321 2736 monitos
336 2681 421 2736 etiam
436 2692 518 2756 atque
534 2682 619 2738 etiam
633 2683 703 2740 volo.
745 2681 812 2739 Mea
831 2682 933 2738 leuitas
953 2682 1046 2738 adhuc
1066 2681 1090 2736 si
1110 2682 1158 2737 cui

201 2757 317 2813 solutior
332 2758 391 2812 visa
411 2769 462 2824 est,
477 2760 532 2811 hoo
544 2760 724 2830 exspectavit,
738 2770 771 2812 ut
790 2759 830 2826 id,
843 2759 917 2829 quod
938 2759 1051 2828 latebat,
1067 2775 1159 2813 erum-

201 2842 286 2903 peret.
326 2830 414 2887 Quod
428 2831 566 2900 reliquum
580 2842 632 2900 est,
644 2832 702 2902 jam
716 2849 773 2884 non
787 2849 900 2902 possum
915 2835 1052 2902 oblivisci,
1066 2851 1158 2890 meam

202 2907 276 2960 hano
293 2922 356 2959 esse
369 2904 497 2977 patriam,
511 2922 556 2962 me
570 2906 670 2960 horum
684 2923 745 2960 esse
758 2905 921 2971 consulem3
943 2906 1013 2962 mihi
1029 2919 1077 2962 aut
1090 2928 1157 2966 cum

201 2981 245 3036 his
256 2980 414 3049 vivendum,
426 2990 474 3035 aut
484 2998 534 3053 pro
545 2981 588 3035 his
598 2999 660 3036 esse
673 2981 857 3036 moriendum.
899 2980 1003 3038 Nullus
1016 2993 1058 3039 est
1071 2996 1157 3058 porte

150 3065 186 3117 35
201 3068 305 3128 custos,
321 3056 415 3113 nuilus
429 3056 573 3112 insidiator
591 3058 657 3112 vie:
679 3057 703 3111 si
723 3057 771 3130 qui
792 3057 868 3112 exire
888 3058 993 3128 volunt,
1008 3061 1156 3118 consulere

200 3135 253 3190 sibi
273 3143 397 3206 possunt.
438 3131 499 3189 Qui
520 3129 586 3188 verri
607 3132 640 3186 in¹
657 3131 733 3188 Urbe
744 3151 774 3188 se
795 3134 987 3204 commoverit,
1001 3137 1083 3208 cujus
1103 3156 1157 3212 ego

199 3227 257 3264 non
278 3204 362 3262 modd
383 3207 498 3275 sactum,
519 3208 569 3262 sed
589 3207 734 3281 inceptum
756 3208 846 3280 ulium
871 3219 1037 3266 conatumve
1057 3223 1156 3269 contra

199 3283 327 3356 patriam,
347 3282 575 3356 deprehendero;
596 3283 698 3339 sentiet
718 3284 748 3340 in
767 3283 833 3354 lac„
843 3285 912 3340 urbe
933 3304 995 3341 esse
1022 3288 1154 3344 consules

199 3358 356 3432 vigilantes,
377 3377 439 3414 esse
453 3359 581 3432 egregios
602 3358 872 3432 magistratus„e'sse
893 3361 994 3418 sortem
1015 3375 1152 3434 senatum,

150 3443 185 3497 40
198 3453 262 3490 esse
283 3453 370 3504 arma,
391 3454 453 3490 esse
473 3452 627 3505 carcerem,
648 3449 732 3508 quem
753 3436 894 3492 vindicem
922 3438 1092 3494 nefariorum
1118 3457 1152 3494 ac

198 3510 412 3568 manifestorum
426 3511 564 3566 scelerum
577 3511 696 3586 majores
708 3512 795 3568 nostri
809 3531 871 3568 esse
885 3513 1040 3569 voluerunt.

237 3586 323 3642 XIII.
364 3586 457 3656 Atque
481 3587 542 3642 haec
565 3589 660 3644 omnia
683 3589 724 3643 sic
747 3599 875 3662 agentur,
895 3587 1034 3658 Quirites,
1049 3599 1082 3644 ut
1107 3607 1153 3645 res

199 3663 328 3718 maximae
349 3661 467 3716 minimo
481 3673 568 3730 motu,
583 3664 710 3736 pericula
730 3681 839 3718 summa
857 3662 935 3717 nuflo
952 3664 1082 3733 tumultu,
1096 3664 1153 3738 bei·

199 3738 259 3796 lurn
274 3736 440 3796 intestinum
462 3753 496 3792 ac
517 3737 713 3808 domesticum,
734 3748 799 3812 post
820 3737 966 3796 hominum
987 3739 1152 3796 memoriam
