2516 4204
324 297 459 347 onnam
475 297 545 347 rao
561 298 593 346 r.
610 297 722 348 numo
738 294 885 348 ursona
1081 297 1136 362 nt

120 441 188 498 dem
209 457 273 496 esse
294 439 405 510 facum,
420 440 542 496 consilio
562 437 628 498 verb
643 441 757 514 majoris
771 439 899 514 alicujus.
940 439 1086 498 Videlicet

119 537 168 575 me
182 518 318 573 latronem
333 533 366 571 ac
380 517 514 572 sicarium
529 517 633 590 abjecti
648 517 777 574 homines
790 527 819 572 et
831 517 932 591 perditi
943 517 1085 574 describe·

119 595 199 650 bant.
238 591 341 648 ¹Juoent
360 593 420 648 suis
441 594 561 648 testibus
584 594 614 663 ii,
628 594 675 666 qui
698 593 831 649 Clodium
853 605 958 670 negant
980 613 1016 652 eo
1035 595 1083 652 die
1126 633 1129 640 ·

120 670 253 740 Romam,
265 671 319 725 nisi
330 671 367 725 de
379 669 455 742 Cyro
466 667 602 739 audisset,
615 671 701 726 luisse
712 669 876 726 rediturum.
917 671 1082 745 Respirari:

118 748 254 804 liberatus
275 765 356 802 sum:
386 765 445 802 non
467 765 576 816 vereor,
595 765 642 816 ne,
657 747 732 820 quod
754 765 791 802 ne
813 747 949 822 suspicari
970 748 1083 821 quidem
1105 763 1122 816 5

119 825 269 899 potuerim,
284 824 381 880 videar
396 824 424 878 id
438 824 588 898 cogitasse.

161 901 252 955 Nunc
265 917 417 974 persequar
440 913 556 956 catera:
578 919 645 955 nam
659 901 782 956 occurrit
804 899 891 956 illud:
912 919 950 958 ne
964 903 1083 960 Clodius

121 978 239 1050 quidem
254 977 289 1032 de
303 977 413 1032 insidiis
427 978 567 1052 cogitarit,
581 977 713 1050 quoniam
728 977 780 1034 suit
800 977 830 1032 in
846 978 957 1035 Albano
970 997 1083 1035 mansu·

122 1073 183 1124 rus,
198 1054 335 1127 siquidem
349 1055 475 1110 exiturus
489 1056 524 1110 ad
539 1055 647 1109 caedem
661 1073 677 1109 e
692 1053 757 1109 villa
771 1073 828 1110 non
843 1055 949 1112 luisset.
990 1055 1084 1112 Video

122 1131 207 1202 enim,
222 1131 311 1200 illum,
323 1132 371 1206 qui
385 1132 489 1188 dicitur
500 1133 535 1188 de
547 1131 615 1205 Cyri
631 1141 719 1186 morte
733 1131 890 1202 nuntiasse,
902 1149 960 1190 non
972 1133 1001 1188 id
1013 1149 1084 1188 nun·
1100 1147 1134 1200 10

120 1208 216 1278 titisse,
231 1210 281 1264 sed
297 1208 434 1265 Milonem
450 1209 689 1284 appropinquare:
711 1207 857 1282 namquid
872 1209 908 1264 de
922 1209 998 1283 Cyro
1012 1227 1084 1265 nun·

119 1285 212 1356 tiaret,
225 1305 309 1360 quem
324 1286 452 1356 Clodius,
469 1286 564 1342 Remi
586 1285 777 1360 proficiscens,
792 1285 940 1358 reliquerat
961 1287 1083 1342 morien·

119 1364 195 1416 teml
236 1361 301 1418 Una
317 1363 373 1418 sui:
394 1375 594 1419 testamentum
617 1363 701 1418 simul
721 1361 868 1436 obsignavi
886 1381 951 1418 cum
965 1362 1081 1420 Clodio:

121 1448 321 1494 testamentum
336 1451 429 1494 autem
441 1439 535 1514 palam
550 1440 663 1509 fecerat,
678 1449 707 1495 et
728 1438 805 1494 illum
821 1439 970 1508 haeredem,
984 1449 1013 1495 et
1026 1457 1082 1508 me,

122 1515 280 1587 scripserat.
321 1513 419 1573 Quem
431 1517 521 1589 pridie
536 1517 606 1573 hori
620 1515 703 1573 tertii
717 1516 841 1571 animam
863 1515 1004 1572 efflantem
1021 1514 1084 1570 reli·
1100 1527 1134 1583 15

121 1591 237 1665 quisset,
259 1609 326 1646 eum
354 1601 493 1648 mortuum
519 1595 652 1669 postridie
681 1592 750 1649 horai
777 1591 890 1647 decimi
912 1591 1035 1664 denique
1056 1591 1083 1648 ei

120 1669 304 1724 nuntiabatur
315 1669 327 1723 l

158 1745 244 1799 XIX.
286 1747 359 1819 Age,
374 1747 410 1802 sit
425 1748 462 1802 ita
476 1749 598 1804 lactum:
619 1767 682 1822 quae
701 1766 797 1818 causa,
811 1765 863 1803 eur
884 1747 1007 1806 Romam
1021 1767 1084 1823 pro·

121 1823 251 1895 peraretl
272 1839 323 1876 cur
344 1823 373 1876 in
394 1833 505 1878 noctem
525 1842 556 1878 se
577 1823 747 1897 conjiceretl
768 1824 836 1896 quid
857 1823 990 1881 afferebat
1006 1823 1085 1898 [cau-

120 1897 196 1974 sam]
213 1897 422 1953 festinationis?
442 1896 518 1971 qnbd
540 1900 629 1954 hares
649 1901 728 1956 erati
769 1895 907 1970 Primum,
920 1912 981 1957 erat
1002 1899 1083 1971 nihil,
1097 1911 1133 1966 20

118 1993 169 2032 cur
181 1985 331 2050 properato
345 1993 415 2048 opus
427 1985 518 2031 esset:
540 1976 654 2047 deinde,
669 1977 693 2032 si
707 1977 775 2051 quid
789 1987 874 2047 esset,
888 1979 954 2052 quid
969 1977 1083 2034 tandem

117 2065 185 2123 orat,
199 2053 274 2127 qnod
289 2052 324 2107 ed
339 2063 421 2108 nocte
439 2053 578 2126 consequi
593 2063 697 2126 posset,
712 2054 852 2110 amitteret
866 2067 969 2126 autem,
985 2055 1008 2112 si
1022 2073 1084 2130 pos·

117 2131 201 2186 tridie
215 2127 300 2185 mant
321 2128 443 2185 Romam
465 2131 611 2186 venissetl
643 2131 757 2204 Atque,
771 2141 804 2186 ut
818 2131 857 2187 illi
879 2143 1033 2188 nocturnus
1047 2132 1082 2188 ad

116 2207 223 2262 Urbem
240 2207 378 2262 adventus
399 2207 530 2262 uitandus
544 2203 638 2280 potids
651 2206 735 2280 quim
757 2208 931 2281 expetendus
952 2208 1020 2274 lirit3
1042 2207 1083 2262 sic

118 2282 233 2352 Miloni,
248 2280 317 2338 ciam
332 2282 475 2338 insidiator
489 2294 574 2354 esset,
589 2285 612 2340 si
627 2284 705 2340 illum
720 2286 756 2342 ad
770 2283 874 2340 Urbem
890 2295 975 2342 noctu
990 2301 1084 2340 acces·
1096 2294 1132 2348 25

117 2379 217 2416 surum
229 2360 346 2430 sciebat,
359 2360 563 2416 subsidendum
579 2372 661 2436 atque
673 2363 894 2438 exspectandum
906 2362 965 2419 lirit.
1007 2361 1083 2420 Noc·

115 2449 155 2508 tu,
171 2438 312 2494 invidioso
333 2449 361 2493 et
374 2438 458 2512 pleno
478 2439 617 2495 latronum
638 2441 668 2496 in
682 2441 754 2510 loco,
768 2439 935 2498 occidisset:
957 2457 1040 2496 nemo
1053 2437 1080 2496 ei

116 2516 234 2588 neganti
248 2515 495 2584 non'cre'didisset,
506 2535 591 2588 quem
602 2536 664 2573 esse
678 2537 777 2574 omnes
792 2518 908 2586 salvum,
920 2517 1004 2574 etiam
1015 2535 1083 2573 con·

116 2591 257 2658 fitentem,
271 2591 380 2644 volunt.
421 2591 609 2648 Sustinuisset
630 2593 683 2649 boc
697 2595 805 2651 crimen
826 2592 948 2668 primirm
962 2593 1021 2666 ipse
1035 2593 1081 2648 ille

116 2669 261 2725 latronum
282 2665 438 2722 occultator
459 2678 487 2722 et
508 2679 662 2741 receptator
686 2670 772 2742 locus,
795 2673 863 2726 dnm
891 2687 983 2742 neque
1003 2679 1081 2724 muta
1096 2677 1132 2732 30

117 2745 243 2802 solitudo
264 2741 429 2812 indicasset,
451 2762 542 2817 neque
567 2763 643 2802 caeca
663 2766 719 2804 nox
739 2744 1081 2814 ostendissetMilonem:

117 2823 225 2878 deinde
239 2820 278 2876 ibi
301 2819 380 2876 multi
402 2820 437 2876 ab
451 2821 498 2878 illo
520 2823 621 2893 violati,
635 2826 753 2900 spoliati,
769 2825 849 2881 bonis
869 2823 987 2899 expulsi,
1002 2821 1083 2882 multi

116 2899 204 2956 etiam
221 2899 282 2954 haec
301 2897 442 2969 timentes,
457 2899 487 2954 in
502 2901 690 2974 suspicionem
711 2903 862 2969 caderent3
883 2913 940 2958 tota
960 2900 1082 2974 denique

115 2977 312 3033 reacitaretur
334 2975 455 3032 Etruria.
497 2977 591 3051 Atque
606 2979 655 3035 illo
676 2981 723 3034 die
737 2976 825 3046 certe,
841 2978 939 3032 Aricia
960 2977 1081 3046 rediens,

116 3055 226 3112 divertit
241 3053 362 3112 Clodius
378 3051 427 3128 [ad
443 3053 497 3130 se,]
516 3055 550 3109 ad
562 3055 716 3112 Albanum.
757 3052 857 3122 Quod,
869 3063 900 3107 ut
914 3053 998 3107 sciret
1013 3050 1083 3108 Milo
1096 3063 1132 3115 35

114 3132 193 3188 illum
215 3133 324 3188 Ariciae
347 3131 444 3200 fuisse,
460 3132 596 3205 suspicari
617 3143 712 3189 tamen
734 3131 841 3200 debuit,
863 3147 939 3198 eum,
953 3127 1037 3182 etiam
1058 3127 1082 3181 si

115 3209 240 3264 Romam
254 3209 302 3264 illo
316 3207 363 3264 (lie
378 3209 478 3264 reverti
493 3209 584 3279 vellet,
601 3211 636 3266 ad
648 3209 742 3263 villam
757 3226 847 3276 suam,
861 3223 923 3280 quae
939 3205 1012 3261 viam
1024 3213 1084 3260 tan·

115 3295 206 3358 geret,
221 3285 403 3359 diversarum.
445 3285 505 3341 Cur
527 3305 619 3360 neque
634 3281 701 3340 antri
716 3284 848 3352 occurrit,
863 3301 898 3336 ne
914 3281 959 3335 ille
974 3279 1083 3336 invilla

115 3360 273 3428 resideret3
295 3379 351 3416 neo
372 3381 407 3432 eo
420 3363 449 3418 in
464 3363 527 3420 loco
548 3361 686 3431 subsedit,
700 3379 755 3432 quo
776 3359 822 3414 ille
844 3365 929 3413 noctu
949 3367 1083 3412 venturus

114 3438 219 3495 essetl
1097 3437 1134 3492 ld

154 3515 252 3572 Video
265 3515 358 3571 adhuc
372 3529 501 3574 constare
515 3517 622 3586 omnia,
634 3513 765 3589 judices:
788 3507 888 3570 Miloni
909 3510 993 3568 etiam
1014 3507 1084 3593 utile

114 3595 203 3650 luisse
220 3591 355 3648 clodium
369 3593 477 3664 vivere;
499 3595 550 3662 illi,
565 3593 602 3647 ad
616 3609 651 3646 ea
665 3609 728 3663 quae
742 3587 933 3662 concupierat,
947 3587 1085 3665 optatissi-

113 3691 192 3728 mum
207 3669 358 3727 interitum
373 3669 506 3726 Milonis:
527 3669 625 3725 odium
637 3667 724 3720 fuisse
739 3665 813 3720 illius
827 3665 857 3720 in
872 3665 949 3718 huno
963 3657 1084 3715 acerbffl·

115 3749 230 3820 simum,
245 3747 276 3804 in
292 3746 373 3802 illum
394 3748 480 3820 hujus
493 3744 621 3800 nullum:
643 3741 880 3794 consuetudinem
901 3735 975 3787 illius
988 3733 1085 3794 perpe·

354 3823 420 3878 10*
