2516 4204
157 323 217 384 un
461 314 597 368 ultimo
613 317 652 366 ιιι
668 315 706 372 ιι.
722 311 922 365 nnnournu.

244 459 304 518 usu
325 475 399 531 mo,
414 474 478 535 qute
501 458 666 517 robustioris
688 457 871 532 impuobitetis
888 463 964 524 sunt,
985 451 1144 509 omittamus:

207 540 355 612 loquamur
376 535 470 612 potius
488 537 524 594 de
546 537 719 610 nequissimo
733 553 837 610 genere
858 532 988 589 levitatis.
1026 529 1080 598 Tu,
1092 525 1145 582 istis

206 616 349 686 muethus,
362 616 425 671 istis
438 615 584 684 luteribus,
597 614 653 672 isti
665 611 832 688 gladiatorii
848 611 936 668 totius
949 606 1065 682 eorporis
1076 602 1147 660 ίὶιιιιὶ-

208 703 276 764 tete,
297 704 408 749 tentum
422 693 480 748 vini
504 691 533 748 in
548 691 661 765 Hippiae
683 689 789 764 nuptiis
809 689 987 757 exhauseras,
1009 695 1037 742 ut
1049 681 1098 768 tibi
1108 697 1148 768 nu·

170 778 291 830 seems
312 781 387 827 esset
407 770 438 825 in
453 767 549 844 populi
571 767 699 824 Romani
720 777 877 840 conspeetu
895 782 1007 821 vomere
1021 758 1149 837 postrtdlu

208 847 239 903 0
253 865 321 917 rem,
337 865 393 903 non
413 843 499 903 modd
513 847 574 902 visu
589 845 703 914 fredam,
720 845 769 899 sed
785 843 870 898 etiam
886 841 1000 898 auditu!
1033 838 1071 906 si,
1083 835 1151 890 inter

209 923 373 992 ooensm‚=in
392 923 465 1002 ipsis
473 922 535 977 tuis
556 921 729 976 immanibus
742 919 798 976 illis
820 919 944 994 poculis,
958 919 1009 975 hue
1027 914 1075 972 tibi
1087 910 1151 968 nosi-

207 996 308 1069 disset,
322 1000 385 1072 quis
404 1015 464 1055 non
482 998 565 1072 turpe
586 997 727 1052 duseretl
761 995 797 1052 In
819 1007 895 1053 eoetu
910 992 978 1053 rerd
1001 991 1090 1070 populi
1102 988 1151 1044 lto

208 1077 297 1146 meni,
319 1076 465 1150 negotium
491 1073 638 1150 poblicum
662 1091 774 1148 gerens,
802 1074 937 1148 magister
963 1072 1092 1147 equitum,
1113 1083 1150 1122 eu

159 1161 194 1213 tu
209 1162 321 1212 ructare
334 1164 415 1226 turpe
429 1164 512 1218 esset,
527 1153 562 1221 is,
581 1163 708 1221 vomens,
724 1151 820 1208 frustis
837 1151 1003 1221 esculentis,
1017 1149 1107 1205 vinum
1118 1159 1150 1200 re·

203 1230 380 1298 dolentibus,
406 1229 546 1304 gremium
566 1243 665 1295 suum,
693 1238 722 1284 et
750 1237 840 1283 totum
866 1227 1003 1300 tribunal,
1036 1219 1150 1298 implevit

209 1303 266 1358 led
292 1305 347 1359 hoe
369 1305 438 1378 ipse
462 1304 564 1360 fatetur
583 1319 647 1358 esse
668 1302 698 1358 in
715 1302 774 1359 suis
795 1303 945 1360 sordibus:
966 1303 1107 1361 veniamus
1125 1295 1153 1353 ed

203 1418 206 1426 ·
241 1380 365 1436 lendide.

208 1397 361 1516 ⁸plllllll.
396 1435 492 1517 Caesdr
509 1458 686 1516 Alexandrii
703 1478 735 1516 se
750 1459 868 1534 reseph,
890 1459 969 1530 felix,
991 1469 1023 1514 ut
1037 1457 1089 1513 sibi
1104 1449 1155 1527 qui·

152 1541 195 1596 ἹΞ
204 1539 276 1596 dem
290 1539 454 1606 uidebatur,
473 1538 540 1594 mei
554 1548 648 1593 nutem
663 1537 815 1607 sententis,
836 1537 860 1596 si
874 1537 936 1610 quis
956 1535 1115 1610 reipublice
1128 1528 1156 1585 sit

210 1616 318 1685 infelix,
337 1616 407 1672 ¹felin
429 1635 490 1672 esse
512 1633 571 1671 non
590 1625 691 1688 potest.
734 1614 824 1670 Hestti
837 1613 928 1688 positi
950 1631 1002 1686 pro
1023 1611 1083 1666 aede
1097 1608 1156 1665 Jove

210 1692 338 1762 Statoris,
358 1691 433 1747 bona
446 1692 500 1747 On.
516 1691 644 1765 Pompeii
660 1691 807 1768 (miserum
817 1689 878 1744 me!
899 1687 1073 1760 consumptis
1085 1685 1159 1740 enirn

204 1767 351 1841 lacrymis,
371 1777 467 1824 temen
489 1767 593 1824 infixus
608 1770 702 1826 animo
722 1769 809 1823 heret
826 1764 918 1840 dolor)
934 1764 1017 1834 bona,
1039 1761 1158 1834 inquam,

206 1844 266 1901 Cn.
287 1844 417 1922 'Pompeii
440 1844 550 1920 Magni,
575 1847 638 1902 vesi
660 1845 849 1902 acerbissime
871 1842 998 1916 subjeets
1019 1838 1157 1914 preconis.

154 1925 196 1980 'w
212 1921 277 1978 Uni
291 1923 321 1978 in
336 1923 385 1978 rut
400 1941 430 1978 re
451 1923 593 1980 servitutis
615 1923 712 1992 oblita,
735 1923 835 1980 civitas
849 1917 1004 1995 ingemuit3
1026 1914 1158 1973 servienti·

212 1999 319 2068 busque
344 1999 456 2064 animis,
482 1999 605 2068 gemitus
630 2007 725 2051 tamen
747 1998 842 2069 populi
866 1996 993 2052 Romani
1015 1995 1084 2051 liber
1107 1992 1157 2049 suit

206 2069 449 2144 &spectantibus
461 2071 602 2140 omnibus,
617 2071 746 2142 quisnam
761 2083 836 2126 esset
849 2081 906 2127 tam
922 2071 1040 2145 impius,
1054 2083 1108 2129 tam
1120 2070 1159 2125 de·

205 2163 300 2218 mens,
314 2158 372 2204 tam
386 2145 451 2203 Diis
464 2147 680 2220 hominibusque
695 2147 794 2219 hostis,
807 2147 855 2222 qui
869 2149 906 2204 ad
920 2149 989 2204 illud
1005 2150 1099 2207 seelus
1110 2163 1158 2204 see

207 2225 295 2282 tionis
314 2227 431 2284 auderet
444 2225 591 2296 secedere,
610 2225 743 2282 inventus
756 2236 800 2282 est
820 2243 915 2297 nemo,
928 2237 1032 2301 preter
1054 2223 1158 2283 Antoni·

154 2306 195 2362 25
205 2319 269 2372 um,
283 2304 437 2376 presertim
452 2301 519 2359 oum
538 2313 579 2360 tot
591 2314 687 2360 essent
700 2304 810 2360 circum
827 2303 936 2360 hustnm
951 2304 1040 2376 illam,
1055 2305 1102 2379 qui
1115 2301 1158 2358 uir

204 2379 305 2434 emnia
326 2379 471 2436 auderent.
501 2379 594 2436 ¹Unus
615 2381 746 2435 inventus
760 2392 812 2449 est,
828 2381 876 2452 qui
895 2382 924 2436 id
946 2383 1077 2454 auderet,
1095 2375 1158 2456 quod

206 2455 337 2510 emnium
352 2456 470 2530 fugisset
483 2465 512 2512 et
524 2455 735 2512 refonniddsset
749 2457 878 2515 audacia.

248 2531 362 2590 Tantus
384 2534 468 2610 igitur
492 2544 520 2590 te
532 2527 629 2608 stupor
650 2533 798 2608 oppressit,
811 2533 856 2590 vel
880 2531 924 2609 (ut
944 2531 1042 2592 verius
1063 2531 1158 2607 dicam)

208 2619 305 2668 tentus
329 2611 415 2684 furor,
437 2622 478 2684 ut,
500 2609 634 2688 primum,
657 2607 724 2668 oum
748 2621 839 2668 seetor
861 2611 901 2667 sis
922 2609 976 2668 isto
996 2611 1061 2670 loeo
1078 2623 1161 2679 natur,

155 2693 195 2748 θθ
205 2689 315 2751 deiude
342 2688 409 2748 eum
431 2690 560 2766 Pompeii
582 2701 683 2762 sector,
705 2707 763 2747 non
787 2700 815 2746 te
838 2690 1044 2746 exsecrandum
1064 2689 1164 2764 populo

208 2765 353 2836 Romano,
381 2783 438 2824 non
460 2769 664 2837 detestabilem,
686 2785 743 2821 non
765 2785 865 2823 omnes
891 2765 943 2822 tibi
965 2765 1051 2838 Deos,
1071 2779 1164 2823 omnes

205 2844 350 2908 nomines,
365 2853 395 2895 et
409 2859 471 2896 esse
485 2842 627 2910 inimieos,
648 2853 678 2896 et
691 2841 800 2896 futuros
814 2844 908 2898 soiesl
942 2845 983 2900 At
996 2842 1083 2918 quim
1097 2843 1164 2900 insu

206 2917 300 2972 lenter
320 2915 413 2970 statim
435 2915 530 2970 helluo
544 2915 646 2970 invasit
667 2916 697 2970 in
718 2915 779 2989 ejus
800 2917 850 2972 viri
866 2918 1001 2991 fortunas,
1023 2921 1106 2996 eujus
1119 2920 1163 2976 vir·
1228 2913 1229 2924 ¹

206 3000 269 3125 mite
282 2990 433 3112 terrilpilior
446 3001 506 3048 eret
519 2989 639 3068 populus
653 2990 804 3049 Romanus
819 2994 924 3052 exteris
936 2997 1080 3071 gentibus,
1092 2995 1164 3074 justi·

156 3068 231 3129 usti
265 3071 369 3127 uerior.
1168 3107 1170 3112 -

249 3145 377 3204 XXVII.
412 3143 448 3198 In
462 3147 524 3217 ejus
545 3147 630 3218 igitur
648 3149 744 3219 copies
764 3144 832 3202 cum
846 3163 877 3200 se
897 3143 991 3202 subitd
1012 3145 1163 3228 ingurgita-

210 3226 304 3289 rtsset,
325 3217 482 3276 exsultabat
501 3221 616 3292 gaudio,
639 3238 759 3292 persone
779 3221 815 3275 de
836 3220 931 3291 mimo,
956 3220 1041 3281 modd
1069 3245 1162 3305 egens,
1183 3219 1185 3226 ’

209 3293 326 3369 repent&
341 3295 427 3354 dives.
462 3294 530 3366 Sed,
543 3305 575 3351 ut
585 3305 628 3352 est
639 3295 712 3370 apud
722 3299 837 3372 po'dtsm
848 3297 1050 3375 nescioquem,
1065 3307 1085 3335 “
1095 3301 1162 3362 mall

202 3383 288 3449 perte
306 3371 381 3430 meld
396 3373 584 3433 dilabuntur.'’
624 3373 809 3446 incredibile,
823 3393 858 3432 ne
872 3376 964 3434 simile
977 3383 1101 3455 portenti
1115 3391 1162 3450 set,

159 3461 195 3514 do
209 3469 330 3526 quonam
345 3453 430 3509 modo
444 3451 562 3508 illatam
576 3439 673 3521 muita,
687 3449 772 3527 quum
785 3454 895 3529 pnuuis,
915 3473 973 3512 non
986 3457 1164 3516 dico-menn·

209 3530 273 3600 bus,
288 3530 337 3585 sed
349 3529 461 3600 diebus,
476 3529 615 3586 effuderit.
652 3527 800 3588 Maximus
811 3533 869 3590 vini
883 3549 1018 3592 numurus
1029 3537 1091 3606 luit,
1104 3551 1163 3610 per-

209 3621 345 3681 magnum
364 3607 462 3677 optimi
486 3608 599 3680 pondus
622 3609 741 3683 argenti,
762 3611 886 3683 pretiosa
909 3611 1004 3682 vestis,
1029 3613 1117 3670 muln
1136 3620 1164 3667 et

209 3683 286 3741 lenta
303 3681 439 3755 supellex,
458 3691 489 3736 et
508 3683 661 3758 magnifiee
683 3686 779 3742 multis
798 3686 878 3757 lonis,
901 3705 959 3746 non
983 3690 1031 3749 illu
1053 3689 1163 3766 quidum
