2542 4212
364 303 499 354 obsuto
515 305 585 354 PRO
602 305 697 356 LEGE
714 259 877 356 ulturum.
1113 311 1153 374 80
1235 269 1237 306 t

140 446 296 524 Jugurtbb,
316 447 391 503 idem
405 465 472 503 enm
493 447 629 518 Cimbris,
650 447 726 504 idem
742 467 812 504 eum
832 445 982 520 Teutonis,
996 447 1104 508 bellum

141 526 360 583 administraret.
401 523 437 580 In
453 524 514 598 ipso
527 524 582 581 Cn.
597 523 743 598 Pompeio,
766 525 796 582 in
810 543 865 600 quo
886 527 950 583 nori
966 527 1102 584 constitui

48 665 52 674 Δ
145 602 218 660 nihil
239 603 296 658 rrllt
316 601 357 662 Q.
382 601 511 671 Catulus,
537 599 622 675 qudm
641 601 731 658 multa
751 602 809 658 sint
831 621 913 674 nova,
930 605 1043 660 summi
1062 603 1103 664 Q.

145 679 240 736 Catuli
254 680 396 738 voluntate
410 679 570 748 constituta,
584 679 781 735 recordamini.

183 757 269 816 XXI.
303 756 386 816 Quid
412 756 488 812 enim
515 765 574 811 tsm
602 773 715 826 norum,
741 753 826 830 quim
853 756 1139 830 adolescentulum,5

144 835 295 910 privatum,
317 833 471 890 exereitum
491 831 599 888 difficili
622 832 783 906 reipublice
804 843 928 908 tempore
945 833 1106 892 ennlieerel

148 911 291 968 oonleeit:
320 909 399 966 huie*
413 910 551 984 preesset
577 908 704 984 prefuit:
726 927 785 965 rem
808 907 914 984 optimd
937 911 1025 970 duetu
1054 929 1106 969 suo

150 988 270 1062 gwerel
296 986 390 1061 gessit
430 985 511 1047 Quid
537 997 595 1042 tam
621 997 723 1060 praeter
747 987 992 1058 consuetudinem,
1019 985 1105 1063 qudm

150 1065 256 1121 homini
277 1063 510 1138 peradoleseenti,
532 1062 644 1138 eujura
664 1063 803 1120 senatorio
826 1065 915 1138 gradu
938 1077 1006 1122 aetas
1020 1061 1105 1140 longd

149 1143 267 1212 abesset,
282 1140 431 1214 imperium
446 1151 528 1214 atque
538 1140 694 1196 exereitum
709 1141 790 1196 dnril
830 1141 958 1198 Siciliam
972 1141 1106 1218 permitti,
1124 1150 1158 1202 10

148 1231 229 1294 atque
243 1218 383 1288 Africam,
404 1217 563 1292 bellumque
578 1217 608 1272 in
622 1217 658 1273 et
678 1217 954 1274 administranduml
994 1217 1062 1276 Fuit
1077 1219 1106 1276 in

148 1298 193 1354 lris
203 1294 507 1386 provineiitqingulari
522 1293 696 1364 innoeentid,
710 1295 853 1370 gravitate,
867 1295 983 1352 virtute:
1002 1295 1107 1352 bellum

148 1376 178 1432 in
192 1374 293 1432 Afrieri
303 1389 457 1430 marimum
472 1372 610 1439 eonleeit;
626 1371 763 1428 victorem
776 1373 931 1428 exereitum
945 1373 1107 1450 deportavit

146 1452 229 1514 Quid
285 1443 390 1546 *rm
408 1449 577 1520 inauditum,
590 1446 675 1522 qudm
694 1448 817 1523 equitem
831 1447 993 1506 Romanurn
1012 1451 1110 1506 trium·

149 1467 302 1604 phaselos
336 1545 528 1600 enm.quoque
551 1545 612 1582 rem
632 1525 751 1602 populus
772 1525 923 1582 Romanus
942 1545 999 1584 non
1023 1523 1108 1584 modd
1126 1539 1159 1592 15

151 1606 230 1676 vidit,
253 1605 303 1660 sed
325 1605 409 1661 etiarn
431 1604 509 1660 omni
531 1603 631 1660 studio·
642 1603 787 1660 visendam
808 1609 837 1659 et
856 1603 1109 1662 concelebrandam

148 1683 265 1758 putavit.
306 1681 387 1747 Qud
401 1692 459 1738 tam
478 1681 652 1752 inusitatum,
666 1677 753 1755 qudm
766 1691 807 1750 ut,
827 1676 895 1736 edm
909 1681 966 1738 dno
974 1681 1111 1740 'eonsules

149 1760 299 1817 clarissimi
321 1754 519 1832 fortissimique
541 1769 647 1828 essent,
668 1775 754 1831 eques
776 1756 925 1814 Romanus
949 1761 985 1814 ad
1007 1759 1111 1814 bellum

151 1838 307 1893 maximum
333 1835 680 1907 formidolosissimumque
706 1853 757 1909 pro
784 1835 900 1890 oonsule
927 1835 1110 1892 mittereturl

150 1915 255 1970 missus
273 1922 323 1969 est.
365 1909 434 1972 Quo
451 1912 564 1986 quidem
585 1921 716 1985 tempore,
734 1908 802 1968 elrrn
823 1923 897 1969 esset
915 1929 1059 1969 nonnemo
1080 1911 1110 1968 in
1126 1921 1161 1976 20

148 2003 258 2063 senatu,
272 1990 322 2064 qui
335 1989 452 2059 dioeret,
474 1993 492 2020 “
504 1988 573 2048 Non
587 2001 712 2064 oportere
726 1989 799 2046 mitti
814 1989 957 2048 hominem
970 1989 1110 2066 privatum

149 2089 199 2144 pro
212 2068 332 2126 consule
345 2068 371 2136 ;''
393 2066 426 2123 L.
442 2067 590 2142 Philippus
610 2067 716 2123 dixisse
729 2067 843 2138 dieitur,
865 2067 962 2126 “Non
977 2087 1008 2124 se
1030 2067 1110 2124 illum

149 2148 201 2204 sud
226 2145 369 2204 sententiis
392 2164 443 2219 pro
466 2145 594 2214 oonsule,
621 2143 671 2199 sed
697 2163 749 2219 pro
771 2145 945 2214 oonsulibus,
973 2145 1109 2200 mittere.''

149 2223 246 2281 Tanta
267 2225 298 2280 in
318 2242 354 2280 eo
372 2221 539 2296 reipublice
560 2218 636 2286 bend
650 2221 782 2296 gerendis
802 2241 866 2297 spes
880 2221 1112 2291 constituebatur,

149 2311 182 2358 ut
195 2301 316 2356 duorum
337 2298 484 2355 eonsulum
497 2317 602 2354 munus
616 2299 701 2354 unius
723 2299 909 2356 adolescentis
923 2297 1015 2356 virtuti
1038 2315 1113 2356 eom·
1126 2310 1162 2364 25

150 2379 316 2435 mitteretur.
356 2375 438 2436 Quid
456 2386 513 2432 tam
534 2375 688 2450 singulare,
709 2373 795 2450 qndm
809 2388 849 2447 ut,
868 2395 905 2434 ex
920 2376 1113 2434 senatus-eon·

148 2456 230 2528 sulto,
243 2456 356 2530 legibus
378 2454 496 2524 solutus,
510 2451 610 2510 consul
634 2449 700 2509 antd
714 2453 804 2523 lieret,
818 2452 903 2528 quim
924 2456 1011 2512 ullum
1026 2454 1112 2512 alium

149 2534 344 2605 magistratum
354 2549 404 2604 per
418 2531 496 2604 leges
506 2549 608 2602 capere
618 2530 767 2586 licuissetl
787 2531 853 2604 quid
867 2543 924 2588 tam
935 2531 1111 2602 incredibile,

150 2607 238 2682 qudm
256 2618 288 2662 ut
309 2607 413 2660 iterum
425 2624 512 2677 eques
530 2606 680 2660 Romanus
694 2625 730 2661 ex
750 2607 1003 2666 senatusconsulto
1015 2609 1113 2664 trium·

150 2684 275 2761 pharetl
316 2679 394 2740 Quat
419 2681 450 2736 in
470 2680 603 2736 omnibus
625 2681 783 2739 bominibus
796 2702 869 2741 nova
888 2695 950 2758 post
964 2685 1112 2740 hominum
1127 2699 1162 2753 30

150 2761 323 2820 memoriam
347 2757 500 2815 constituta
522 2766 598 2826 sunt,
621 2775 656 2814 ea
671 2769 728 2816 tam
750 2763 837 2818 multa
856 2779 913 2818 non
938 2773 1013 2833 sunt,
1028 2757 1113 2836 qudm

152 2841 226 2908 lraee,
240 2855 302 2912 quar
324 2836 354 2892 in
369 2835 425 2892 hoo
438 2853 496 2891 uno
515 2835 630 2912 bomine
643 2836 771 2894 vidimus.
814 2839 908 2912 Atque
930 2839 991 2898 hee
1005 2849 1045 2897 tot
1067 2857 1114 2894 ex-

149 2917 252 2992 empla,
267 2925 355 2985 tanta,
365 2932 399 2970 ae
410 2923 468 2969 tam
482 2932 562 2983 nova,
573 2913 698 2988 profecta
711 2925 778 2971 sunt
791 2916 821 2970 in
832 2915 954 2972 eundem
969 2918 1113 2974 hominem

149 3013 168 3051 a
180 2995 220 3055 Q.
236 2993 342 3062 Ostuli,
362 3002 444 3064 atque
458 3010 476 3047 a
489 3001 656 3047 caeterorum
677 2991 807 3066 ejusdem
820 2992 965 3066 dignitatis
979 2993 1114 3068 amplissi-

149 3091 260 3130 morum
275 3070 433 3138 hominum,
448 3067 622 3124 auctoritate.
1128 3089 1163 3140 35

188 3147 289 3205 XXII.
311 3147 413 3207 Quare
427 3145 549 3215 videant,
560 3139 601 3201 ne'
609 3145 645 3202 sit
657 3145 835 3220 periniquum
846 3157 875 3203 et
888 3165 945 3204 non
957 3145 1114 3218 serendum,

151 3226 262 3282 illerum
283 3224 482 3281 auctoritatem
505 3223 541 3278 de
557 3221 612 3278 Gn.
627 3221 756 3296 Pompeii
778 3223 916 3297 dignitate
940 3225 1017 3282 vobis
1040 3241 1115 3280 corn-

152 3301 297 3376 probntem
314 3319 430 3378 ¹semper
450 3318 530 3367 esse3
551 3310 675 3354 vestrum
698 3299 734 3353 ab
755 3297 810 3354 illis
831 3299 866 3354 de
887 3301 985 3355 eodem
1000 3301 1114 3358 homine

28 3389 32 3396 '
149 3377 303 3454 judicium,
315 3376 465 3450 populique
485 3375 612 3434 Romani
633 3375 839 3443 auctoritatem,
855 3375 1020 3448 improbari:
1044 3396 1113 3452 prae·

151 3454 252 3512 sertim
274 3449 342 3508 edm
355 3451 414 3526 jam
435 3471 486 3509 suo
497 3453 559 3528 jure
579 3450 702 3527 populus
725 3450 876 3505 Romanus
890 3451 919 3508 in
934 3453 987 3510 hoe
1001 3454 1114 3512 homine
1130 3462 1164 3514 40

150 3551 234 3590 suam
249 3529 454 3600 auctoritatem,
469 3531 512 3586 rel
531 3539 631 3586 eontra
650 3526 810 3598 omnesqui
831 3527 1010 3602 dissentiunt,
1027 3531 1115 3606 possit

149 3609 327 3678 defendere;
346 3617 493 3681 propterea
516 3602 605 3680 qudd,
630 3601 691 3656 istis
714 3601 941 3678 reclamantibus,
958 3627 1006 3663 vos
1025 3623 1115 3660 unum
1132 3607 1144 3620 “

150 3688 230 3745 ἰΙΙιιιιι
243 3675 426 3744 exfomnibus
439 3681 597 3756 delegistis,
611 3694 696 3750 quem
709 3677 783 3735 bello
794 3685 960 3754 predonum
973 3691 1116 3752 prepone-

150 3766 225 3823 retis.
268 3761 337 3820 Hoc
350 3761 434 3819 siros
446 3753 555 3817 temere
570 3753 686 3823 lecistis,
699 3763 728 3809 et
740 3755 781 3810 rei
798 3758 919 3828 publice
932 3765 1032 3822 parum
1051 3756 1118 3793 00¹1·

1238 500 1240 544 l
