2542 4212
338 247 473 350 cusulo
489 295 559 350 PRO
574 297 672 350 REGE
688 301 879 354 DEIOTARO.
1101 305 1141 365 'm

130 441 269 531 dubitate,
284 438 337 498 cai
350 440 457 528 Cesar,
469 439 592 528 similem
606 441 647 498 illi
661 441 755 516 glorie
768 443 882 502 laudem
894 443 978 519 quim
993 444 1090 521 sapis-

129 538 205 655 3313
213 515 1087 674 (ὲὲῗὲῗῖἕὶῑωῗᾞέξῖ,ἰξῗὲῗεῖῗοῗὲἒῦἱῖὴιῖἓῖ’300ωὲἱῇ

128 671 320 731 misericordi&
333 681 383 728 est
424 669 566 726 Homines
579 671 658 726 enim
668 672 709 726 ad.
728 672 805 730 Deos
826 675 906 730 nulli
927 693 958 731 re
972 672 1087 748 propids

128 750 277 819 accedunt,
291 745 379 821 quim
393 747 511 804 salutem
524 745 687 802 hominibus
701 749 802 805 dando.
843 749 924 806 Nihil
934 751 1021 807 habet
1033 768 1088 808 nec
1103 757 1121 808 5

129 826 298 882 fortunatus
307 824 399 897 majus
408 822 492 898 qudm
501 832 531 878 ut
541 823 644 897 possis,
653 842 708 879 nec
717 836 818 882 natura
828 837 876 882 tua
890 827 992 884 meiius
1001 823 1087 900 qudm

129 911 161 957 ut
169 902 251 971 velis,
262 919 374 958 servare
383 899 466 974 quim
476 899 617 972 plurimos.
652 899 822 975 Longiorem
832 902 989 959 orationem
1000 921 1087 959 causa

130 977 246 1036 forsitan
260 978 388 1052 postulat,
402 988 450 1034 tua
470 972 548 1032 certe
569 985 671 1032 natura
694 977 856 1034 breviorem.
896 977 1006 1049 Quare,
1019 977 1087 1035 edm

130 1054 225 1120 utilius
239 1073 302 1110 esse
315 1054 442 1125 arbitrer,
455 1065 484 1111 te
497 1052 600 1126 ipsum,
612 1050 699 1125 quum
720 1065 769 1110 aut
786 1073 833 1110 me
851 1065 899 1112 aut
916 1071 1086 1128 quenquam,

129 1129 201 1203 loqui
215 1140 321 1202 tecum,
335 1131 422 1188 finem
433 1131 492 1205 jana
505 1127 622 1184 faciam:
642 1129 755 1188 tantum
768 1141 797 1187 te
811 1131 904 1204 ipsum
919 1129 1087 1202 admonebo,
1105 1137 1138 1189 10

127 1206 204 1338 {iuli
225 1207 336 1266 absenti
354 1207 473 1266 salutern
495 1204 615 1274 dedens,
629 1207 817 1280 praesentibus
838 1207 883 1263 his
902 1207 1036 1264 omnibns
1058 1215 1086 1263 te

149 1293 268 1342 aurum·
398 1295 403 1304 Ι

497 1655 720 1752 ouuuio

230 1856 360 1954 nno
404 1855 578 1929 nunu
618 1855 987 1930 nniouuno

165 2213 190 2270 1.
230 2212 312 2283 Onu,
326 2212 357 2269 in
370 2213 503 2270 omnibus
516 2213 612 2268 causis
624 2212 806 2286 gravioribus,
821 2211 875 2268 Gai
890 2211 996 2281 Caesar,
1007 2211 1088 2270 initio

124 2290 243 2347 dicendi
263 2287 433 2348 commoveri
456 2289 562 2345 soleam
585 2286 780 2346 vehementids
803 2286 888 2363 qudm
912 2289 1020 2345 videtur
1044 2287 1087 2345 vel

100 2387 106 2390 ·
124 2385 196 2423 usus
209 2367 252 2422 uel
266 2377 333 2422 etas
347 2383 410 2422 mea
423 2365 563 2440 postulare
571 2385 579 2434 3
601 2375 661 2422 tum
675 2366 705 2422 in
718 2367 774 2422 hac
787 2367 874 2422 causd
888 2366 927 2422 ita
940 2385 986 2423 me
1000 2365 1088 2424 multa
1105 2375 1138 2428 15
1243 2371 1249 2380 ‘

122 2445 298 2518 perturbant,
313 2453 354 2512 ut,
364 2453 501 2516 quantum
515 2443 664 2516 mea,fides
674 2443 760 2498 studii
775 2444 843 2499 mihi
856 2442 953 2500 afferat
966 2444 1001 2499 ad
1015 2444 1089 2500 salu·

96 2563 99 2570 .
122 2532 184 2577 tem
197 2522 273 2593 regis
295 2520 424 2594 Deiotasi
438 2519 657 2589 defendendam,
671 2529 780 2575 tantum
796 2520 934 2576 facultatis
944 2521 1026 2576 timor
1041 2521 1088 2576 de·

121 2597 226 2654 trahat
267 2591 406 2660 Primum,
420 2595 485 2671 dieo
508 2610 560 2666 pro
577 2595 674 2670 capite
695 2596 867 2669 fortunisque
890 2597 982 2670 regis:
1012 2597 1087 2668 quod

122 2674 220 2748 ipsum
234 2670 290 2728 etsi
304 2687 363 2726 nou
376 2669 505 2743 iniquum
517 2680 570 2740 est,
581 2671 611 2725 in
625 2679 674 2726 tuo
686 2671 818 2728 duntaxat
830 2671 972 2746 pericu103
993 2681 1087 2726 tamen

120 2761 170 2807 est
184 2751 225 2806 ita
239 2747 414 2816 inusitatum,
427 2763 522 2820 regem
536 2747 637 2820 capitis
649 2765 727 2804 reum
741 2768 813 2820 esse,
825 2759 856 2805 ut
867 2757 933 2804 ante
948 2748 1003 2804 hoc
1016 2757 1087 2803 tem·
1104 2757 1139 2812 20

120 2845 181 2903 pus
208 2843 266 2882 non
290 2824 326 2880 sit
349 2824 485 2880 anditum.
526 2823 648 2896 Deinde,
670 2843 735 2882 enm
759 2845 865 2901 regem,
879 2843 963 2900 quem
987 2841 1088 2882 ornare

121 2914 210 2962 antea
223 2913 329 2959 cuncto
344 2919 409 2958 cum
424 2911 525 2957 senatu
538 2903 671 2973 solebam,
685 2921 736 2976 pro
748 2904 890 2977 perpetuis
908 2903 968 2976 ejus
982 2904 1012 2960 in
1026 2922 1088 2960 nos·

120 2991 196 3038 tuam
204 2979 408 3054 rempublicam
419 2978 537 3056 meritis,
546 2997 634 3050 nuno,
642 2991 742 3036 contra
752 2980 957 3035 atrocissimum
969 2980 1087 3050 crimen,

120 3077 209 3132 cogor
223 3056 385 3114 defendere.
427 3055 559 3126 Accedit,
573 3067 610 3128 ut,
619 3067 817 3112 accusatorum
831 3054 946 3120 alterius
970 3053 1088 3108 crudeli·

119 3146 191 3205 tate,
215 3135 329 3191 alterius
351 3132 531 3207 indignitate,
544 3134 705 3190 conturber.
746 3130 898 3186 Crudelem
922 3129 1085 3187 Castorem!
1102 3139 1138 3192 25

119 3230 163 3268 ne
178 3211 271 3266 dicam
284 3209 454 3266 sceleratum
467 3219 497 3265 et
510 3209 627 3284 impium
639 3229 645 3276 ;
667 3209 716 3281 qui
730 3225 817 3281 nepos
831 3225 913 3263 avum
937 3208 967 3263 in
991 3207 1088 3264 discri-

120 3304 195 3344 men
209 3286 308 3358 capitis
320 3283 477 3358 adduxerit,
493 3286 746 3357 adolescentiaeque
760 3301 818 3338 suae
832 3293 965 3339 terrorem
988 3284 1089 3342 intule-

119 3363 164 3420 rit
185 3361 214 3418 ei
232 3359 313 3434 eujus
336 3372 510 3418 senectutem
531 3364 604 3418 tueri
628 3372 658 3418 et
676 3372 774 3433 tegere
788 3359 925 3425 debebat3
946 3377 1088 3416 commen·

119 3439 326 3510 dationemque
341 3437 465 3493 ineuntis
477 3440 566 3496 etatis
590 3439 626 3494 ab
640 3437 783 3510 impietate
797 3445 826 3489 et
839 3433 945 3492 scelere
958 3436 1086 3504 duxerim

119 3518 168 3574 avi
194 3532 318 3584 servum,
333 3525 493 3588 corruptum
516 3515 650 3590 premiis,
667 3513 703 3567 ad
725 3510 917 3567 accusandum
940 3512 1087 3570 dominum
1103 3521 1137 3571 30

119 3591 281 3669 impulerit,
295 3601 354 3648 eta
373 3591 529 3666 legatorum
552 3591 673 3665 pedibus
698 3586 853 3644 abduxerit.
894 3588 1019 3665 Fugitivi
1041 3604 1088 3642 au-

118 3679 191 3742 tem,
202 3669 352 3726 dominum
363 3669 533 3737 accusantis,
544 3677 574 3734 et
583 3665 728 3722 dominum
739 3664 932 3732 absentem-et
941 3663 1087 3718 dominum

103 3747 331 3806 aniensium
344 3756 448 3803 nostrae
461 3741 636 3809 reinublicae,
647 3736 714 3794 ciani
728 3757 760 3795 os
770 3740 910 3804 videbam,
922 3734 989 3788 ciam
1002 3721 1087 3777 verba
