2542 4212
142 359 180 417 34
406 349 593 412 ormo-iv.
610 363 650 412 ru
667 361 696 410 n.
708 359 914 410 cnrnmnn.

193 519 286 574 quam,
299 485 438 572 euntes,
452 492 521 557 inin
535 502 648 574 qrcuem
662 501 715 576 ipsi
725 501 796 568 njnn
805 501 863 574 jam
874 489 910 556 ab
920 498 981 555 istu
994 497 1145 571 nomme

192 587 261 633 test:
283 595 417 650 maguum
437 579 514 633 euim
535 580 626 634 estin
648 578 728 640 bonis
747 576 921 656 presidium,
933 574 1007 647 quod
1028 575 1096 632 mihi
1116 574 1143 630 iu

191 665 357 727 perpetuum
372 664 559 726 comparatum
571 655 628 728 est3
650 668 754 728 magne
763 663 806 708 est
819 653 848 707 in
859 649 1006 724 republicis¹
1015 648 1147 724 dignitus}

191 745 255 800 que
275 748 320 786 me
334 747 444 802 semper
456 729 542 786 tacita
555 731 702 786 desendet:
728 734 832 802 magns
845 728 887 782 vis
900 738 943 782 est
956 727 1143 797 conscientie,

157 811 275 934 &guam
295 805 343 878 qui
364 805 519 879 negligent,
534 803 601 862 cinn
615 824 670 861 me·
682 804 787 861 violare
805 803 960 874 rolentssse
973 803 1027 876 ipsi
1042 803 1143 858 indica·

211 892 270 936 unt.
558 921 564 932 ·
778 891 786 906 ⁹
1044 915 1050 925 ·

229 955 281 1011 Est
291 955 376 1011 etiam
386 956 416 1012 in
427 956 508 1012 nobis
520 956 543 1012 is
554 956 674 1027 animus,
684 956 822 1026 Quirites,
834 963 932 1024 utnon
943 952 1026 1012 modd
1040 955 1141 1016 nullius
1155 958 1162 973 '

119 1041 127 1090 ἶ·
190 1031 316 1087 eudeciae
329 1032 473 1102 cedemus,
487 1033 537 1088 sed
557 1033 642 1089 etiam
662 1050 759 1089 omnes
780 1033 920 1106 improbos
940 1031 1141 1104 uitro-semper

189 1106 368 1164 lacessamus.
407 1106 497 1168 Qudd
511 1109 535 1164 si
543 1103 640 1166 pinnis
653 1109 998 1182 impetusdomesticorum
1012 1101 1141 1176 hostium,

141 1190 175 1242 10
190 1183 323 1256 depulsus
337 1185 455 1253 etobis,
470 1185 544 1240 sein
558 1203 604 1241 me
618 1203 707 1241 unum
716 1185 904 1252 converterit5
926 1185 1003 1260 vobis
1017 1184 1070 1248 erit
1082 1177 1142 1255 p'ro·
1223 1215 1226 1222 ι

188 1257 350 1328 ridendum,
363 1259 503 1330 Quirites,
518 1261 574 1334 qud
594 1261 885 1334 conditione-posthac
898 1279 947 1316 eos
967 1279 1030 1316 esse
1044 1259 1141 1329 velitis,

187 1334 234 1406 qui
253 1353 293 1404 se,
307 1353 357 1409 pro
372 1336 460 1392 salute
473 1337 574 1404 vestre,
587 1337 739 1393 obtulerint
753 1331 869 1392 invidias
879 1336 1065 1412 periculisque
1085 1353 1141 1390 om·

187 1409 279 1468 nibus.
321 1410 394 1468 Mihi
404 1403 516 1484 quidem
529 1413 591 1486 ipsi,
602 1414 669 1486 quid
682 1423 734 1481 est,
745 1414 820 1485 quod
832 1413 889 1486 jam
901 1413 936 1468 ad
947 1413 1010 1470 vitae
1022 1412 1142 1473 fructum

187 1485 276 1566 possit
289 1489 404 1560 ecquiri,
418 1489 570 1576 presertim
585 1486 652 1545 cium
665 1507 757 1562 neque
771 1489 800 1544 in
815 1489 919 1544 honore
933 1499 1033 1558 vestro,
1051 1503 1140 1559 neque

140 1558 173 1610 15
188 1561 218 1616 in
233 1561 323 1635 gloriis
337 1565 454 1639 virtutis,
468 1565 618 1638 quidquam
630 1565 742 1621 videam
756 1559 848 1634 ultius,
862 1561 917 1638 qud
937 1565 1051 1636 quidem
1072 1562 1140 1618 mihi

186 1635 272 1692 libeat
303 1642 476 1695 ascenderet
505 1639 581 1694 'Illud
596 1641 739 1713 perficiem
753 1637 888 1712 profecto,
900 1640 1040 1707 Quirites,
1055 1650 1086 1695 ut
1099 1657 1141 1708 ea,

186 1729 249 1782 quae
263 1714 344 1787 gessi¹
356 1715 385 1768 in
407 1715 562 1783 consulatu,
575 1716 796 1788 privatustuesr
817 1725 899 1785 atque
920 1731 1035 1779 ornem;
1057 1726 1097 1782 ut,
1117 1715 1142 1772 si

87 1801 92 1812 ·
186 1799 297 1858 quaest
310 1789 415 1845 invidis
425 1790 454 1845 in
466 1789 657 1845 conservandis
670 1786 814 1863 republicis
825 1799 965 1861 suscepta,
975 1787 1058 1844 ledet
1073 1789 1143 1844 invi·

181 1862 247 1933 dos,
260 1865 330 1921 rnihi
350 1866 440 1926 ualeat
460 1867 495 1922 ed
516 1860 658 1940 gloriem'
682 1864 812 1938 Denique
832 1865 872 1922 ite
891 1883 937 1920 me
952 1865 982 1919 in
997 1863 1142 1937 republicd

136 1935 172 1988 2⁰
186 1941 319 2008 tractabo,
333 1953 364 1995 ut
377 1943 554 1996 meminerim
568 1960 752 2015 semperque
773 1942 918 2014 gesserim,
933 1958 1094 2011 curemque,
1109 1950 1142 1997 ut

185 2029 221 2066 ea
233 2013 343 2081 virtute,
354 2033 413 2070 non
424 2031 503 2081 casu,
514 2025 597 2086 geste
603 2033 664 2069 esse
675 2015 832 2084 videeptur.

225 2085 294 2156 Vos,
307 2087 447 2156 Quirites,
458 2081 588 2160 quoniam
606 2087 664 2162 jam
678 2106 735 2144 nox
749 2099 801 2157 ert,
816 2090 988 2154 veneramini
1002 2089 1081 2148 illum
1094 2090 1143 2148 Jo-

185 2178 258 2228 vem,
271 2163 415 2216 custodem
426 2164 512 2233 nujus
525 2163 602 2215 urbis
617 2183 651 2216 sc
665 2164 803 2228 vestrum
824 2175 905 2236 etque
919 2166 953 2222 in·
963 2171 1053 2226 testre
1067 2177 1143 2224 tecte

186 2235 336 2292 discedite:
367 2247 396 2293 et
415 2255 459 2305 ee,
479 2254 638 2310 quanquam
656 2237 714 2310 jiun
738 2235 894 2311 periculum
907 2249 960 2306 'est
983 2241 1141 2314 depulsum,

136 2311 173 2363 25
186 2322 290 2380 tamen,
304 2309 382 2383 aeque
402 2331 436 2368 cc
451 2312 536 2404 priori
551 2323 643 2384 nocte,
658 2315 794 2370 custodiis
811 2315 968 2389 vigiliisque
988 2317 1140 2374 defendite.

186 2384 220 2440 ld
235 2403 270 2440 ne
284 2387 361 2441 vobis
375 2388 487 2460 diutius,
496 2387 657 2452 faciendum
674 2389 719 2458 sit,
733 2401 815 2462 etque
830 2402 861 2448 ut
875 2392 905 2450 in
918 2393 1053 2467 perpetue
1068 2411 1141 2466 pecs

112 2529 115 2536 ,
170 2531 176 2551 Ι,
185 2477 249 2542 θβθθ
262 2463 382 2536 possitis,
395 2464 555 2542 providebo,
569 2463 706 2536 Quirites.

629 2555 631 2560 .
721 2537 751 2564 Η
797 2541 803 2550 ¹
893 2534 907 2564 ,¹
944 2535 951 2548 ¹

200 2595 204 2606 ³
390 2569 480 2650 „esth
501 2569 561 2640 a*
577 2564 685 2636 irunt,
795 2565 896 2630 ses

104 2651 107 2658 '
142 2649 146 2658 '
167 2653 171 2660 ’
265 2647 268 2654 ’
346 2665 348 2669 ι
467 2659 475 2672 Ι

495 2801 718 2908 onnr'ro
745 2833 814 2908 rv.
846 2791 849 2798 ’

638 3009 671 3047 ΙΝ

376 3139 941 3246 nonurnrun-M.

220 3437 244 3494 1.
275 3439 385 3509 ano,
399 3438 496 3497 Patres
516 3438 687 3516 conscripti,
707 3441 737 3498 in
752 3459 797 3497 me
810 3440 937 3498 omnium
951 3441 1074 3498 restrium
1088 3458 1146 3500 ora

182 3525 265 3588 etque
278 3514 373 3572 oculos
386 3529 448 3572 esse
463 3534 628 3572 conversos:
650 3517 740 3586 video,
751 3537 809 3586 vos,
820 3535 877 3574 non
891 3514 981 3572 soldm
996 3518 1031 3574 de
1045 3529 1146 3576 vestro

132 3601 168 3655 ao
183 3609 217 3648 ec
227 3590 399 3664 reipublice,
408 3589 504 3647 verinn
515 3594 599 3666 etiem
612 3591 654 3666 '(si
668 3593 696 3649 id
710 3594 857 3667 depulsum
872 3592 922 3666 sit)
934 3593 969 3647 de
982 3611 1055 3662 meo,
1064 3595 1147 3667 peri-

182 3666 248 3722 culo
261 3683 323 3721 esse
339 3665 480 3720 sollicitos.
521 3667 572 3730 Est
584 3669 654 3723 mihi
665 3669 792 3741 jucunda
806 3669 835 3724 iu
856 3667 946 3738 melis,
960 3679 988 3724 et
1007 3679 1087 3742 gratu
1108 3670 1146 3728 in

183 3741 286 3813 dolore,
300 3750 392 3798 vestre
405 3757 473 3814 erge
485 3759 530 3798 me
543 3743 685 3800 voluutas:
706 3745 756 3802 sed
766 3761 829 3802 eam
845 3741 908 3818 (per
928 3743 1004 3806 Deos
1024 3745 1147 3806 immor·
