2516 4204
149 309 207 370 112
347 381 354 398 ι
392 307 526 356 caurio
543 307 612 357 eno
628 307 660 359 r.
676 270 789 356 sumo
806 307 954 358 maora.

195 447 267 580 iffi
285 447 453 582 'delectaret
479 448 553 522 quod
575 459 624 505 aut
640 467 690 524 per
712 458 842 506 naturam
865 448 907 504 sas
927 455 1013 517 esset,
1035 456 1080 502 ant
1100 463 1149 521 per

206 543 222 580 e
296 535 392 581 iceret.

222 542 294 656 g{led
319 601 388 674 quid
413 621 468 677 ego
493 602 696 676 argumentorl
716 601 783 674 quid
808 601 889 674 plura
914 600 1047 674 disputo'l
1094 597 1150 670 Te,

195 675 236 736 Q
257 676 362 748 Petilli,
382 679 499 753 appello,
512 680 650 754 optimum
673 690 701 734 et
726 677 905 734 fortissimum
929 676 1038 744 civem;
1058 685 1096 744 te,
1110 672 1150 730 Μ.

163 752 392 824 50ato,testor;
413 774 481 828 qnos
505 757 576 812 mihi
599 755 695 812 divina
717 755 846 827 quedam
859 772 919 810 sors
932 751 1011 808 dedit
1031 751 1150 826 judices

197 829 257 886 Vos
270 849 306 886 ex
319 829 359 885 M.
381 831 507 888 Favonio
520 831 647 902 audistis,
662 831 795 888 Clodium
819 831 872 886 sibi
892 830 1006 899 dixisse,
1018 839 1048 884 et
1060 825 1152 883 audis·

195 906 241 974 tis,
256 906 318 960 vivo
330 905 439 976 Clodio,
453 908 608 979 periturum
622 907 760 964 Milonem
778 908 879 964 triduo.
920 906 986 962 Post
1008 899 1085 960 diem
1099 916 1151 960 ter·

194 979 265 1034 tium
277 990 414 1053 gestares
435 993 487 1053 est,
500 981 585 1056 qudm
606 983 722 1038 dixerat.
763 981 840 1039 Cdm
862 983 908 1038 ille
931 1001 989 1039 non
1012 981 1151 1038 dubitaret
1235 1005 1236 1010 ¹

195 1055 312 1128 aperire,
326 1057 393 1130 quid
407 1059 551 1133 cogitaret,
564 1078 612 1115 vos
625 1059 743 1132 potestis
755 1059 895 1130 dubitare,
907 1059 975 1132 quid
989 1059 1106 1116 feceritl

147 1134 181 1186 10
234 1130 333 1219 XVII.
372 1133 621 1228 Quemadmodum
634 1137 719 1210 igitur
732 1155 799 1192 eum
813 1136 873 1192 dies
888 1154 945 1192 non
957 1135 1072 1223 fefellit?
1081 1134 1151 1226 Adiui

193 1209 1152 1362 ffllllimnllldssml'll‘lll?„ffllssslltlilllillssdliissi

194 1356 353 1447 Lanuvium
367 1360 414 1416 illo
426 1363 496 1444 ipsc,
510 1382 567 1436 quo
579 1365 721 1457 profectus
734 1375 787 1435 est,
806 1365 871 1421 die:
890 1366 983 1438 itaque
997 1365 1154 1421 antevertit.

195 1434 235 1490 At
248 1453 303 1506 quo
316 1437 382 1493 diel
402 1457 457 1508 quo
472 1438 517 1510 (ut
531 1451 597 1496 ante
617 1441 689 1511 dixi)
705 1442 886 1500 insanissima
903 1442 1003 1498 concio
1016 1442 1052 1496 ab
1066 1441 1155 1515 ipsius

147 1513 181 1566 15
195 1511 373 1598 mercenario
394 1512 618 1586 tribunoplebis
641 1523 685 1568 est
708 1518 867 1601 concitata:
887 1531 971 1601 quem
994 1518 1071 1570 diem
1090 1516 1154 1601 ille,

195 1605 557 1739 tttffittttsttt
574 1589 1157 1738 tltsttsf‘ffltttttttltdtts

195 1737 260 1794 dem
283 1741 400 1811 itineris,
422 1743 507 1798 etiam
526 1760 612 1798 causa
632 1741 782 1798 manendi:
810 1739 912 1796 Miloni
934 1739 1067 1796 manendi
1089 1743 1159 1796 unl-

195 1813 222 1870 la
242 1814 369 1889 facultas,
389 1819 511 1876 exeundi
537 1837 595 1876 non
621 1836 706 1876 causa
729 1814 831 1888 solum,
850 1817 901 1872 sed
921 1815 1007 1872 etiarn
1026 1818 1156 1873 uecessi-

146 1893 181 1948 20
195 1901 239 1948 tas
252 1893 314 1950 fuit.

234 1969 335 2028 Quidl
355 1975 388 2042 si,
403 1986 435 2028 ut
455 1975 503 2028 ille
523 1975 614 2043 scivit,
628 1974 767 2030 Milouem
787 1975 844 2030 fore
865 1991 903 2029 eo
920 1972 966 2028 die
988 1971 1019 2027 in
1039 1969 1099 2040 vid,
1111 1971 1153 2038 sic
1237 2023 1238 2032 ,

195 2042 327 2100 Clodium
341 2047 412 2102 Milo
425 2066 462 2102 ue
475 2049 612 2120 suspicari
626 2049 739 2120 quidem
753 2049 862 2121 potuitl

234 2117 362 2176 Primum
386 2141 491 2196 quaero,
511 2121 559 2196 qui
583 2121 656 2180 scire
679 2125 822 2198 potueritl
850 2123 924 2196 quod
949 2141 1000 2181 vos
1023 2123 1098 2180 idem
1122 2123 1153 2179 in

196 2194 296 2254 Clodio
309 2217 433 2272 quaerere
447 2219 504 2256 non
517 2201 641 2274 potestis
681 2201 720 2258 Ut
734 2201 812 2257 enim
825 2201 969 2257 neminem
989 2199 1085 2270 alium,
1098 2199 1152 2256 nisi

146 2272 181 2326 25
196 2271 233 2328 Τ.
255 2273 394 2346 Patinam,
416 2277 664 2334 familiarissimum
686 2298 779 2348 suum,
800 2278 938 2351 rogdsset,
959 2277 1033 2332 scire
1054 2275 1153 2350 potuit,
1238 2331 1239 2352 1

196 2349 244 2404 illo
259 2351 321 2422 ipso
334 2352 381 2406 die
395 2352 515 2407 Lanuvii
529 2372 546 2406 a
567 2353 702 2408 dictatore
723 2354 833 2409 Milone
846 2355 926 2426 prodi
947 2353 1092 2408 flaminem
1106 2370 1154 2408 ne·

196 2441 276 2480 cesse
289 2443 361 2480 esse.
402 2427 460 2481 Sed
474 2437 554 2482 eraut
566 2428 696 2499 permulti
716 2428 775 2495 alii,
787 2446 822 2482 ex
843 2429 946 2498 quibus
967 2428 996 2481 id
1019 2425 1152 2485 facillimd

196 2500 270 2557 scire
292 2512 407 2576 possen
433 2519 532 2560 cuntes
556 2502 667 2558 scilicet
694 2501 844 2559 lsnuvini.
903 2500 978 2559 Milo
998 2502 1036 2557 de
1059 2498 1154 2560 Clodii

195 2577 291 2635 reditu
304 2580 382 2636 unde
401 2579 546 2654 quasiritl
586 2578 742 2639 Quaesierit
762 2576 850 2636 saue:
869 2578 973 2650 uidete,
986 2577 1055 2652 quid
1076 2581 1155 2636 vobis

147 2653 183 2708 30
196 2653 317 2732 largiar:
337 2677 447 2716 servum
460 2658 546 2716 etiam
561 2655 605 2733 (ut
626 2657 738 2728 Arrius,
752 2676 834 2714 meus
854 2657 973 2728 amicus,
987 2655 1072 2730 dixit)
1094 2674 1157 2712 cor-

196 2736 311 2808 ruperit
359 2735 460 2811 Legite
486 2735 647 2793 testimonia
674 2736 788 2791 tertium
815 2745 978 2792 vestromm.
1019 2731 1096 2788 Dixit
1115 2731 1154 2787 C.

197 2809 356 2879 Cassinins,
380 2822 566 2884 cognomento
587 2811 682 2878 Scola,
704 2810 893 2879 Interamnae,
913 2809 1155 2878 familiarissimus,

197 2895 227 2938 et
244 2887 321 2939 idem
335 2903 431 2940 comes
445 2885 477 2938 P.
498 2885 607 2950 Clodii,
620 2884 715 2956 (cujus
733 2884 902 2956 jampridem
916 2886 1077 2941 testimonio
1090 2885 1156 2940 Clo-

159 3022 163 3028 ¹
196 2957 261 3012 dius
283 2958 385 3013 eadem
406 2957 474 3013 hord
488 2957 657 3013 Interamna
680 2959 779 3028 suerat,
793 2969 822 3013 et
835 2957 953 3033 Romae)
969 2959 1000 3014 P.
1022 2960 1155 3017 clodium

147 3035 183 3090 35
198 3031 246 3089 illc
268 3034 315 3092 die
339 3033 369 3090 in
393 3034 506 3092 Albano
532 3052 698 3092 mansurum
725 3034 828 3102 luisse3
848 3034 897 3090 sed
921 3031 1014 3090 subitd
1039 3037 1069 3091 ei
1092 3052 1156 3094 esse

197 3111 368 3180 nuntiatum,
391 3111 497 3182 Cyrum
519 3113 703 3169 architectum
724 3130 786 3167 esse
807 3121 966 3176 mortuum;
988 3109 1081 3180 itaque
1096 3113 1160 3169 Ro·

197 3205 273 3242 mam
287 3182 402 3256 repente
416 3187 597 3242 constituisse
608 3187 758 3261 proficisci.
799 3185 878 3244 Dixit
896 3185 962 3255 hoc,
974 3199 1073 3240 comes
1086 3187 1156 3246 item

198 3261 230 3314 P.
251 3259 354 3329 Clodii,
375 3258 410 3318 C.
424 3258 549 3318 Clodius.

237 3331 352 3393 XVIII.
392 3336 506 3409 Videte,
518 3337 639 3413 judices,
653 3349 764 3413 quauta
785 3357 831 3396 res
852 3338 896 3395 his
917 3338 1086 3399 testimoniis
1099 3342 1156 3398 sint

149 3416 184 3470 40
200 3413 344 3473 confecta.
384 3412 521 3487 Primirm,
542 3413 619 3474 carte
641 3417 775 3472 liberatur
800 3415 881 3488 Milo,
902 3435 959 3474 non
981 3435 1018 3474 eo
1037 3417 1157 3474 consilio

198 3489 343 3562 profectus
356 3510 428 3564 esse,
442 3505 473 3551 ut
493 3493 673 3552 insidiaretur
687 3495 716 3550 in
730 3494 777 3552 vit
791 3494 909 3562 Olodi0;
929 3494 1032 3568 quippe
1055 3495 1103 3566 qui
1126 3493 1155 3548 ei

200 3565 299 3636 obvius
320 3567 431 3626 iuturus
444 3572 561 3630 omnino
574 3591 632 3630 nou
645 3582 713 3630 erat.
754 3570 868 3628 Deinde
889 3569 959 3644 (non
972 3570 1049 3626 enim
1062 3569 1158 3634 video,

201 3659 251 3699 cur
265 3659 322 3700 non
335 3660 430 3697 meum
440 3664 550 3719 quoque
562 3667 643 3722 agam
655 3648 816 3722 negotium)
830 3647 918 3715 scitis,
926 3645 1050 3719 jndices,
1059 3643 1159 3714 luisse,

201 3719 259 3794 qui,
273 3719 304 3775 in
316 3717 370 3776 hac
383 3721 529 3792 rogatione
543 3724 700 3795 suadenda,
713 3725 850 3793 dicerent,
866 3720 982 3782 Milonis
995 3737 1081 3780 manu
1101 3736 1161 3780 cn-
