2542 4212
120 321 161 383 42
386 316 511 368 enarro
528 316 574 366 1v.
593 315 633 366 nv
651 317 679 365 c.
698 315 908 366 cincinnos.

171 471 284 520 ornetur
304 459 373 517 alter
393 461 498 517 eximia
518 461 602 516 laude
623 460 787 530 Africanus,
800 459 848 532 qui
869 457 939 514 duas
959 453 1045 512 urbes
1065 453 1130 514 huic

172 539 290 612 imperio
304 537 508 608 infestissimas,
523 538 726 612 Carthaginem
747 535 997 608 Numantiamque,
1012 532 1128 590 delevit:

172 615 308 671 habeatur
328 615 369 670 vir
387 616 519 690 egregius
532 615 565 670 L.
580 615 696 684 Paulus,
710 614 767 684 ille,
781 613 864 687 cujus
884 631 997 668 currum
1017 629 1067 665 rex
1086 629 1130 684 po-

171 693 347 748 tentissimus
360 693 501 765 quondam
515 703 544 749 et
564 692 766 760 nobilissimus,
780 691 890 760 Perses,
904 687 1075 745 honestavit:
1096 687 1130 744 sit

138 761 159 826 5Ι
173 769 203 825 in
218 769 324 826 aeterna
337 769 427 844 gloria
444 768 562 840 Marius,
576 769 624 842 qui
645 769 688 824 bis
709 768 820 824 Italiam
840 767 985 824 obsidione
1006 774 1036 822 et
1055 774 1130 820 metu

172 845 314 902 servitutis
341 845 484 900 liberavit:
506 857 690 918 anteponatur
717 846 849 902 omnibus
876 843 1036 918 Pompeius,
1051 839 1129 915 cujus

171 941 217 978 res
227 932 313 995 gestae
324 934 406 993 atque
417 922 531 976 virtutes
543 922 654 990 iisdem,
662 921 764 992 quibus
774 923 841 976 solis
851 939 960 991 cursus,
969 919 1130 994 regionibus

172 1016 206 1054 ac
219 997 347 1054 terminis
360 997 551 1053 continentur.
592 995 654 1052 Erit
666 993 803 1068 profecto,
818 997 890 1052 inter
905 999 1003 1052 horum
1024 996 1130 1065 laudes,

171 1074 277 1148 aliquid
297 1073 351 1129 loci
372 1083 473 1129 nostrae
499 1072 611 1146 gloriae3
632 1072 687 1128 nisi
709 1068 779 1128 forte
801 1072 891 1145 majus
911 1082 954 1126 est
973 1073 1130 1144 patefacere

122 1155 157 1207 10
171 1151 255 1208 nobis
267 1149 434 1224 provincias,
449 1146 505 1221 qub
519 1149 596 1204 exire
609 1149 757 1242 possimus,
772 1145 858 1221 quhm
871 1166 980 1217 curare,
993 1155 1026 1203 ut
1044 1147 1130 1204 etiam

171 1227 221 1297 illi,
235 1228 283 1300 qui
298 1228 409 1296 absunt,
423 1227 554 1295 habeant,
568 1244 623 1298 quo
635 1226 754 1281 victores
766 1235 948 1280 revertantur.

209 1303 382 1376 Quanquam
396 1312 438 1358 est
451 1321 509 1357 uno
522 1302 584 1358 loco
599 1303 724 1358 conditio
737 1302 835 1359 melior
852 1312 975 1358 externae
996 1301 1130 1373 victoriae,

170 1378 255 1454 quam
270 1380 447 1448 domesticae;
481 1375 557 1453 quod
571 1380 664 1435 hostes
678 1379 846 1454 alienigenae
860 1390 908 1436 aut
927 1379 1052 1454 oppressi
1073 1399 1130 1437 ser-

171 1458 260 1528 viunt,
274 1468 322 1514 aut
335 1457 442 1531 recepti
463 1456 603 1513 beneficio
623 1476 653 1512 re
673 1457 811 1532 obligatos
831 1467 946 1532 putant:
966 1457 1016 1530 qui
1037 1467 1129 1514 autem

122 1535 157 1588 15
172 1554 207 1591 ex
220 1553 338 1592 numero
352 1535 467 1606 civium,
481 1534 625 1594 dementia
639 1535 732 1609 alique
753 1535 905 1610 depravati,
919 1536 1013 1592 hostes
1032 1535 1130 1608 patriae

171 1613 258 1668 semel
266 1632 328 1668 csse
339 1623 493 1686 coeperunt,
502 1632 560 1683 eos,
570 1609 637 1668 chm
649 1613 801 1687 apernioie
811 1613 974 1686 reipublicae
984 1611 1131 1686 repuleris,

112 1695 117 1704 '
171 1706 226 1744 nec
240 1690 266 1744 vi
280 1693 422 1758 coercere,
436 1707 491 1744 nec
508 1689 646 1744 beneficio
666 1689 777 1760 placare
797 1690 898 1762 possis.
940 1688 1039 1746 Quare
1061 1689 1131 1744 mihi

125 1817 129 1824 .
172 1783 238 1821 cum
250 1765 367 1840 perditis
381 1765 490 1821 civibus
504 1775 641 1824 aeternum
655 1764 760 1820 bellum
773 1775 935 1838 susceptum
950 1781 1012 1819 esse
1033 1763 1130 1821 video:
1147 1755 1168 1831 ,l
1264 1758 1265 1772 ¹

170 1843 246 1916 q'uod
262 1861 324 1918 ego,
338 1853 431 1900 vestro
451 1843 643 1916 bonorumque
663 1842 791 1898 omnium
812 1841 926 1910 auxilio,
941 1839 1132 1914 memorifaque

121 1917 157 1972 20
172 1930 312 1978 tantorum
331 1921 530 1994 periculorum,
546 1918 622 1994 (quae
644 1939 701 1976 non
721 1915 807 1976 modo
829 1920 859 1977 in
880 1920 934 1974 hoc
953 1919 1064 1992 populo.
1083 1919 1131 1991 qui

172 2008 298 2052 servatus
311 2007 362 2064 est,
377 1998 427 2050 sed
448 1998 533 2050 etiarn
555 1997 585 2049 in
604 1996 732 2050 omniurn
752 1996 880 2067 gentium
901 1995 1079 2049 sermonibus
1096 2014 1132 2052 ac

172 2072 324 2140 mentibus,
338 2089 448 2142 semper
462 2068 594 2144 haerebit)
610 2084 627 2124 a
641 2087 686 2124 me
701 2079 783 2142 atque
798 2089 815 2124 a
827 2069 898 2124 meis
920 2067 1003 2127 facile
1021 2071 1134 2146 propul-

172 2147 228 2203 sari
242 2165 324 2221 posse
337 2145 458 2202 conlido.
499 2143 600 2218 Neque
615 2146 672 2202 ulla
684 2142 809 2220 profecto
823 2156 901 2202 tanta
914 2147 956 2202 vis
966 2148 1131 2222 reperietur,

172 2242 233 2296 que
247 2223 476 2298 conjunctionem
489 2232 609 2278 vestram
622 2223 803 2296 equitumque
817 2223 1022 2296 Romanorum,
1033 2237 1062 2282 et
1072 2237 1134 2282 tan-

122 2301 157 2354 25
172 2311 230 2357 tam
249 2301 485 2374 conspirationem
505 2300 643 2356 bonorum
663 2300 801 2371 omniurn,
814 2301 989 2378 perfringere
1010 2315 1039 2362 et
1057 2303 1134 2361 lahe-

82 2391 110 2451 ‘,
173 2377 277 2433 factare
290 2377 384 2451 possit.
419 2396 421 2402 ¹
1086 2391 1099 2404 ·

210 2453 264 2510 ΧΙ.
304 2452 381 2513 Quae
402 2449 469 2510 chin
489 2453 529 2510 ita
549 2454 614 2524 sint,
628 2453 725 2510 Patres
745 2453 918 2530 conscripti,
932 2475 982 2529 pro
1003 2456 1134 2530 imperio,

170 2550 223 2606 pro
237 2531 372 2602 exercitu,
385 2550 436 2605 pro
449 2530 608 2605 provincie,
622 2549 706 2604 quam
717 2531 840 2606 neglexi,
854 2551 905 2607 pro
914 2533 1065 2606 triumpho,
1079 2551 1135 2606 qae-

172 2609 293 2683 terisque
306 2609 398 2666 laudis
412 2609 580 2684 insignibus,
595 2628 657 2683 quae
672 2620 768 2666 sunta
782 2628 837 2679 me,
851 2621 962 2684 propter
975 2609 1060 2666 Urbis
1073 2629 1135 2668 ves-

121 2686 158 2740 30
172 2696 276 2760 tneque
285 2687 382 2744 salutis
390 2687 555 2758 custodiam,
564 2686 725 2762 repudiata3
739 2705 789 2761 pro
800 2687 939 2744 clientelis
950 2688 1133 2762 hospitiisque
1203 2703 1208 2708 ·

171 2765 399 2838 provincialibus,
414 2782 476 2838 quae
487 2775 581 2820 tamen
595 2765 710 2820 urbanis
721 2763 824 2837 'opibus
837 2783 894 2822 non
909 2765 1018 2832 minore
1036 2764 1135 2820 labore
1148 2799 1156 2817 r
1226 2819 1230 2828 ,

172 2839 261 2910 tueor,
282 2839 367 2912 quam
395 2859 540 2912 compar03
561 2859 611 2913 pro
631 2840 675 2894 his
703 2840 788 2913 igitur
808 2842 940 2898 omnibus
964 2843 1061 2910 rebus,
1081 2861 1136 2916 pro

119 2934 121 2938 ·
172 2917 243 2971 meis
254 2917 284 2970 in
294 2934 342 2992 vos
353 2915 542 2988 singularibus
552 2916 662 2985 studiis
673 2935 777 2989 proque
789 2919 852 2987 hac,
863 2935 945 2990 quam
956 2919 1134 2990 conspicitis,

172 2992 209 3048 ad
219 2992 438 3048 conservandam
452 2992 656 3066 rempublicam
666 2993 824 3067 diligentia,
835 2993 906 3050 nihil
920 2992 997 3048 aliud
1010 3011 1027 3048 a
1040 2994 1133 3066 vobis,

122 3073 157 3125 35
172 3068 227 3124 nisi
248 3069 331 3144 hujus
351 3069 492 3142 temporis,
511 3069 652 3143 totiusque
679 3071 735 3126 mei
762 3068 925 3125 consulatvls
954 3071 1134 3144 memoriam,

171 3146 296 3219 postulo;
317 3164 379 3217 quae
393 3147 462 3199 dum
476 3146 529 3200 erit
542 3147 640 3202 vestris
650 3146 792 3200 mentibus
803 3145 897 3214 infixa,
909 3145 1069 3203 firmissimo
1083 3167 1133 3205 me

172 3240 253 3277 muro
266 3231 376 3293 septum
389 3237 451 3274 esse
466 3221 625 3277 arbitrabor.
665 3217 756 3278 Quod
770 3221 793 3276 si
807 3233 899 3278 meam
917 3241 996 3296 spem
1016 3223 1058 3278 vis
1079 3225 1134 3282 im-

171 3298 321 3370 proborum
336 3295 465 3352 fefellerit
476 3306 559 3369 etque
575 3297 760 3371 superaverit;
782 3301 951 3357 commendo
970 3300 1049 3356 vobis
1069 3283 1134 3376 pir·

172 3390 238 3429 vum
251 3391 346 3430 meum
360 3373 465 3442 filium3
479 3374 526 3431 cui
539 3370 664 3448 profecto
676 3375 744 3432 satis
757 3375 811 3432 erit
821 3377 954 3450 presidii,
966 3395 1024 3432 non
1035 3375 1132 3442 solum

123 3457 158 3512 40
173 3450 209 3506 ad
236 3451 364 3522 salutem,
386 3447 484 3508 verhm
510 3451 644 3508 etiamad
671 3452 848 3527 dignitatem,
869 3454 893 3510 si
907 3454 977 3529 ejus,
991 3455 1040 3528 qui
1068 3457 1133 3514 haec

172 3527 272 3616 omnia·
281 3547 333 3616 suo
347 3527 423 3584 solus
435 3528 561 3601 periculo
574 3531 787 3601 conservaverit,
801 3531 881 3588 illum
894 3549 956 3587 esse
969 3531 1059 3590 filium
1071 3550 1133 3588 me·

172 3617 320 3662 mvnerrtrs.
781 3639 787 3648 ·

212 3679 401 3757 Quapropter,
415 3679 451 3735 de
471 3683 582 3740 summa
601 3683 690 3740 salute
710 3683 811 3753 vestra,
824 3683 973 3758 populique
993 3684 1132 3757 Romani,

174 3758 272 3818 Patres
291 3756 463 3832 conscripti,
477 3757 513 3814 de
533 3760 631 3817 vestris
651 3760 819 3836 conjugibus
838 3777 873 3816 ac
892 3760 997 3834 liberis,
1016 3761 1052 3819 de
1071 3762 1132 3819 aris
1214 3791 1218 3798 ·
