<?xml version="1.0" encoding="UTF-8"?>
<!DOCTYPE html PUBLIC "-//W3C//DTD XHTML 1.0 Transitional//EN"
    "http://www.w3.org/TR/xhtml1/DTD/xhtml1-transitional.dtd">
<html xmlns="http://www.w3.org/1999/xhtml" xml:lang="en" lang="en">
 <head>
  <title>
</title>
<meta http-equiv="Content-Type" content="text/html;charset=utf-8" />
  <meta name='ocr-system' content='tesseract 3.04.00' />
  <meta name='ocr-capabilities' content='ocr_page ocr_carea ocr_par ocr_line ocrx_word'/>
</head>
<body>
  <div class='ocr_page' id='page_1' title='image "./orationesqudams00cicegoog/orationesqudams00cicegoog_0065.png"; bbox 0 0 2542 4212; ppageno 0'>
   <div class='ocr_carea' id='block_1_1' title="bbox 370 267 1160 346">
    <p class='ocr_par' dir='ltr' id='par_1_1' title="bbox 370 267 1160 346">
     <span class='ocr_line' id='line_1_1' title="bbox 370 267 1160 346; baseline 0.005 -28"><span class='ocrx_word' id='word_1_1' title='bbox 370 267 702 346; x_wconf 24' lang='lat' dir='ltr'>onurrournoteon</span> <span class='ocrx_word' id='word_1_2' title='bbox 719 267 881 322; x_wconf 69' lang='lat' dir='ltr'>uuum.</span> <span class='ocrx_word' id='word_1_3' title='bbox 1121 275 1160 334; x_wconf 80' lang='lat' dir='ltr'>ot</span> 
     </span>
    </p>
   </div>
   <div class='ocr_carea' id='block_1_2' title="bbox 136 409 1170 1483">
    <p class='ocr_par' dir='ltr' id='par_1_2' title="bbox 136 409 1170 1483">
     <span class='ocr_line' id='line_1_2' title="bbox 145 409 1110 489; baseline -0.002 -17"><span class='ocrx_word' id='word_1_4' title='bbox 145 413 250 489; x_wconf 85' lang='lat' dir='ltr'>quibus</span> <span class='ocrx_word' id='word_1_5' title='bbox 273 410 491 468; x_wconf 80' lang='lat' dir='ltr'>eonrlitionibus·</span> <span class='ocrx_word' id='word_1_6' title='bbox 505 409 729 483; x_wconf 78' lang='lat' dir='ltr'>proficiscantur,</span> <span class='ocrx_word' id='word_1_7' title='bbox 749 410 881 485; x_wconf 77' lang='lat' dir='ltr'>ignotam</span> <span class='ocrx_word' id='word_1_8' title='bbox 900 409 1033 470; x_wconf 79' lang='lat' dir='ltr'>videlieet</span> <span class='ocrx_word' id='word_1_9' title='bbox 1053 411 1110 484; x_wconf 84' lang='lat' dir='ltr'>isti,</span> 
     </span>
     <span class='ocr_line' id='line_1_3' title="bbox 144 485 1109 566; baseline 0 -20"><span class='ocrx_word' id='word_1_10' title='bbox 144 491 195 566; x_wconf 91' lang='lat' dir='ltr'>qui</span> <span class='ocrx_word' id='word_1_11' title='bbox 219 490 254 546; x_wconf 87' lang='lat' dir='ltr'>ad</span> <span class='ocrx_word' id='word_1_12' title='bbox 269 507 356 544; x_wconf 87' lang='lat' dir='ltr'>uuum</span> <span class='ocrx_word' id='word_1_13' title='bbox 377 485 531 544; x_wconf 74' lang='lat' dir='ltr'>deferenda</span> <span class='ocrx_word' id='word_1_14' title='bbox 548 506 610 542; x_wconf 88' lang='lat' dir='ltr'>esse</span> <span class='ocrx_word' id='word_1_15' title='bbox 624 487 719 554; x_wconf 85' lang='lat' dir='ltr'>omnia</span> <span class='ocrx_word' id='word_1_16' title='bbox 739 505 796 543; x_wconf 92' lang='lat' dir='ltr'>non</span> <span class='ocrx_word' id='word_1_17' title='bbox 819 487 1009 546; x_wconf 75' lang='lat' dir='ltr'>arbitranturl</span> <span class='ocrx_word' id='word_1_18' title='bbox 1029 489 1109 564; x_wconf 80' lang='lat' dir='ltr'>qussi</span> 
     </span>
     <span class='ocr_line' id='line_1_4' title="bbox 147 559 1108 637; baseline 0.001 -16"><span class='ocrx_word' id='word_1_19' title='bbox 147 563 215 624; x_wconf 82' lang='lat' dir='ltr'>verb</span> <span class='ocrx_word' id='word_1_20' title='bbox 237 565 292 620; x_wconf 85' lang='lat' dir='ltr'>Cu.</span> <span class='ocrx_word' id='word_1_21' title='bbox 314 561 479 637; x_wconf 87' lang='lat' dir='ltr'>Pompeium</span> <span class='ocrx_word' id='word_1_22' title='bbox 502 571 571 631; x_wconf 79' lang='lat' dir='ltr'>bon,</span> <span class='ocrx_word' id='word_1_23' title='bbox 595 559 662 618; x_wconf 81' lang='lat' dir='ltr'>oiim</span> <span class='ocrx_word' id='word_1_24' title='bbox 683 563 742 620; x_wconf 88' lang='lat' dir='ltr'>suis</span> <span class='ocrx_word' id='word_1_25' title='bbox 763 563 921 636; x_wconf 85' lang='lat' dir='ltr'>virtutibus,</span> <span class='ocrx_word' id='word_1_26' title='bbox 941 575 1003 622; x_wconf 88' lang='lat' dir='ltr'>turn</span> <span class='ocrx_word' id='word_1_27' title='bbox 1022 565 1108 622; x_wconf 75' lang='lat' dir='ltr'>etism</span> 
     </span>
     <span class='ocr_line' id='line_1_5' title="bbox 147 639 1062 714; baseline -0.01 -14"><span class='ocrx_word' id='word_1_28' title='bbox 147 643 248 700; x_wconf 84' lang='lat' dir='ltr'>alienis</span> <span class='ocrx_word' id='word_1_29' title='bbox 263 642 345 711; x_wconf 84' lang='lat' dir='ltr'>vitiis,</span> <span class='ocrx_word' id='word_1_30' title='bbox 360 657 496 714; x_wconf 83' lang='lat' dir='ltr'>magnum</span> <span class='ocrx_word' id='word_1_31' title='bbox 509 657 572 694; x_wconf 91' lang='lat' dir='ltr'>esse</span> <span class='ocrx_word' id='word_1_32' title='bbox 587 639 743 696; x_wconf 84' lang='lat' dir='ltr'>videamus.</span> <span class='ocrx_word' id='word_1_33' title='bbox 1057 701 1062 710; x_wconf 30' lang='grc' dir='ltr'>ι</span> 
     </span>
     <span class='ocr_line' id='line_1_6' title="bbox 185 715 1160 792; baseline 0.002 -18"><span class='ocrx_word' id='word_1_34' title='bbox 185 720 294 790; x_wconf 83' lang='lat' dir='ltr'>Quare,</span> <span class='ocrx_word' id='word_1_35' title='bbox 309 717 395 774; x_wconf 89' lang='lat' dir='ltr'>nolite</span> <span class='ocrx_word' id='word_1_36' title='bbox 417 715 554 785; x_wconf 91' lang='lat' dir='ltr'>dubitare,</span> <span class='ocrx_word' id='word_1_37' title='bbox 568 715 639 789; x_wconf 90' lang='lat' dir='ltr'>quin</span> <span class='ocrx_word' id='word_1_38' title='bbox 654 715 721 772; x_wconf 86' lang='lat' dir='ltr'>huie</span> <span class='ocrx_word' id='word_1_39' title='bbox 734 715 785 772; x_wconf 90' lang='lat' dir='ltr'>uni</span> <span class='ocrx_word' id='word_1_40' title='bbox 805 717 927 790; x_wconf 68' lang='lat' dir='ltr'>predatio</span> <span class='ocrx_word' id='word_1_41' title='bbox 939 717 1047 788; x_wconf 82' lang='lat' dir='ltr'>omnis,</span> <span class='ocrx_word' id='word_1_42' title='bbox 1059 719 1107 792; x_wconf 84' lang='lat' dir='ltr'>qui</span> <span class='ocrx_word' id='word_1_43' title='bbox 1140 729 1160 782; x_wconf 71' lang='grc'><strong>5</strong></span> 
     </span>
     <span class='ocr_line' id='line_1_7' title="bbox 146 792 1110 866; baseline -0.001 -13"><span class='ocrx_word' id='word_1_44' title='bbox 146 795 220 854; x_wconf 90' lang='lat' dir='ltr'>inter</span> <span class='ocrx_word' id='word_1_45' title='bbox 240 815 330 852; x_wconf 86' lang='lat' dir='ltr'>annos</span> <span class='ocrx_word' id='word_1_46' title='bbox 343 804 384 850; x_wconf 92' lang='lat' dir='ltr'>tot</span> <span class='ocrx_word' id='word_1_47' title='bbox 397 811 473 848; x_wconf 79' lang='lat' dir='ltr'>rinus</span> <span class='ocrx_word' id='word_1_48' title='bbox 484 792 616 848; x_wconf 87' lang='lat' dir='ltr'>iuventus</span> <span class='ocrx_word' id='word_1_49' title='bbox 629 792 675 862; x_wconf 88' lang='lat' dir='ltr'>sit,</span> <span class='ocrx_word' id='word_1_50' title='bbox 691 811 775 866; x_wconf 91' lang='lat' dir='ltr'>quem</span> <span class='ocrx_word' id='word_1_51' title='bbox 795 793 866 850; x_wconf 80' lang='lat' dir='ltr'>socii</span> <span class='ocrx_word' id='word_1_52' title='bbox 888 793 919 852; x_wconf 88' lang='lat' dir='ltr'>in</span> <span class='ocrx_word' id='word_1_53' title='bbox 940 795 1025 858; x_wconf 85' lang='lat' dir='ltr'>urbes</span> <span class='ocrx_word' id='word_1_54' title='bbox 1044 813 1110 852; x_wconf 82' lang='lat' dir='ltr'>suas</span> 
     </span>
     <span class='ocr_line' id='line_1_8' title="bbox 147 865 1109 946; baseline 0 -16"><span class='ocrx_word' id='word_1_55' title='bbox 147 893 215 930; x_wconf 84' lang='lat' dir='ltr'>oum</span> <span class='ocrx_word' id='word_1_56' title='bbox 242 871 369 931; x_wconf 76' lang='lat' dir='ltr'>exercitu</span> <span class='ocrx_word' id='word_1_57' title='bbox 398 869 507 926; x_wconf 67' lang='lat' dir='ltr'>venime</span> <span class='ocrx_word' id='word_1_58' title='bbox 531 869 682 946; x_wconf 84' lang='lat' dir='ltr'>gaudeant</span> <span class='ocrx_word' id='word_1_59' title='bbox 726 865 817 929; x_wconf 80' lang='lat' dir='ltr'>Qubd</span> <span class='ocrx_word' id='word_1_60' title='bbox 843 871 868 928; x_wconf 90' lang='lat' dir='ltr'>si</span> <span class='ocrx_word' id='word_1_61' title='bbox 896 871 1109 930; x_wconf 74' lang='lat' dir='ltr'>enormitatibus</span> 
     </span>
     <span class='ocr_line' id='line_1_9' title="bbox 149 944 1170 1021; baseline 0.002 -17"><span class='ocrx_word' id='word_1_62' title='bbox 149 951 225 1004; x_wconf 85' lang='lat' dir='ltr'>haue</span> <span class='ocrx_word' id='word_1_63' title='bbox 250 961 372 1016; x_wconf 86' lang='lat' dir='ltr'>oausam,</span> <span class='ocrx_word' id='word_1_64' title='bbox 399 945 538 1016; x_wconf 81' lang='lat' dir='ltr'><strong>Quirites,</strong></span> <span class='ocrx_word' id='word_1_65' title='bbox 562 944 785 1002; x_wconf 72' lang='lat' dir='ltr'>confirmandam</span> <span class='ocrx_word' id='word_1_66' title='bbox 811 948 931 1021; x_wconf 82' lang='lat' dir='ltr'>putatis;</span> <span class='ocrx_word' id='word_1_67' title='bbox 959 959 1003 1008; x_wconf 80' lang='lat' dir='ltr'>est</span> <span class='ocrx_word' id='word_1_68' title='bbox 1030 949 1108 1006; x_wconf 86' lang='lat' dir='ltr'>vobis</span> <span class='ocrx_word' id='word_1_69' title='bbox 1165 946 1170 974; x_wconf 75' lang='lat'>¹</span> 
     </span>
     <span class='ocr_line' id='line_1_10' title="bbox 149 1021 1110 1100; baseline 0 -20"><span class='ocrx_word' id='word_1_70' title='bbox 149 1036 256 1095; x_wconf 82' lang='lat' dir='ltr'>auctor,</span> <span class='ocrx_word' id='word_1_71' title='bbox 273 1026 314 1080; x_wconf 80' lang='lat' dir='ltr'>vir</span> <span class='ocrx_word' id='word_1_72' title='bbox 329 1023 463 1079; x_wconf 88' lang='lat' dir='ltr'>bellorum</span> <span class='ocrx_word' id='word_1_73' title='bbox 484 1023 611 1079; x_wconf 91' lang='lat' dir='ltr'>omnium</span> <span class='ocrx_word' id='word_1_74' title='bbox 626 1021 868 1096; x_wconf 81' lang='lat' dir='ltr'>maximarumque</span> <span class='ocrx_word' id='word_1_75' title='bbox 888 1043 982 1081; x_wconf 88' lang='lat' dir='ltr'>rerum</span> <span class='ocrx_word' id='word_1_76' title='bbox 1000 1025 1110 1100; x_wconf 89' lang='lat' dir='ltr'>peritis·</span> 
     </span>
     <span class='ocr_line' id='line_1_11' title="bbox 149 1099 1159 1176; baseline 0.002 -20"><span class='ocrx_word' id='word_1_77' title='bbox 149 1102 246 1171; x_wconf 87' lang='lat' dir='ltr'>simus,</span> <span class='ocrx_word' id='word_1_78' title='bbox 271 1101 301 1157; x_wconf 90' lang='lat' dir='ltr'>P.</span> <span class='ocrx_word' id='word_1_79' title='bbox 324 1100 476 1167; x_wconf 79' lang='lat' dir='ltr'>Servilius3</span> <span class='ocrx_word' id='word_1_80' title='bbox 498 1099 579 1174; x_wconf 85' lang='lat' dir='ltr'>cnjus</span> <span class='ocrx_word' id='word_1_81' title='bbox 600 1111 686 1156; x_wconf 77' lang='lat' dir='ltr'>tante</span> <span class='ocrx_word' id='word_1_82' title='bbox 711 1118 756 1154; x_wconf 92' lang='lat' dir='ltr'>res</span> <span class='ocrx_word' id='word_1_83' title='bbox 775 1111 862 1174; x_wconf 77' lang='lat' dir='ltr'>gestie</span> <span class='ocrx_word' id='word_1_84' title='bbox 886 1101 961 1158; x_wconf 68' lang='lat' dir='ltr'>terri</span> <span class='ocrx_word' id='word_1_85' title='bbox 983 1102 1109 1176; x_wconf 81' lang='lat' dir='ltr'>marique</span> <span class='ocrx_word' id='word_1_86' title='bbox 1125 1113 1159 1166; x_wconf 89' lang='lat'>10</span> 
     </span>
     <span class='ocr_line' id='line_1_12' title="bbox 147 1173 1110 1254; baseline 0.002 -20"><span class='ocrx_word' id='word_1_87' title='bbox 147 1179 323 1248; x_wconf 87' lang='lat' dir='ltr'>exstiterunt,</span> <span class='ocrx_word' id='word_1_88' title='bbox 337 1187 378 1246; x_wconf 92' lang='lat' dir='ltr'>ut,</span> <span class='ocrx_word' id='word_1_89' title='bbox 392 1173 458 1233; x_wconf 81' lang='lat' dir='ltr'>erim</span> <span class='ocrx_word' id='word_1_90' title='bbox 473 1177 509 1232; x_wconf 88' lang='lat' dir='ltr'>de</span> <span class='ocrx_word' id='word_1_91' title='bbox 523 1175 597 1233; x_wconf 89' lang='lat' dir='ltr'>bello</span> <span class='ocrx_word' id='word_1_92' title='bbox 611 1175 783 1248; x_wconf 79' lang='lat' dir='ltr'>deliberetis,</span> <span class='ocrx_word' id='word_1_93' title='bbox 798 1189 894 1234; x_wconf 77' lang='lat' dir='ltr'>auctor</span> <span class='ocrx_word' id='word_1_94' title='bbox 908 1179 986 1236; x_wconf 84' lang='lat' dir='ltr'>vobis</span> <span class='ocrx_word' id='word_1_95' title='bbox 998 1179 1110 1254; x_wconf 81' lang='lat' dir='ltr'>gravior</span> 
     </span>
     <span class='ocr_line' id='line_1_13' title="bbox 147 1253 1108 1327; baseline 0.002 -17"><span class='ocrx_word' id='word_1_96' title='bbox 147 1274 210 1311; x_wconf 90' lang='lat' dir='ltr'>esse</span> <span class='ocrx_word' id='word_1_97' title='bbox 231 1274 316 1311; x_wconf 91' lang='lat' dir='ltr'>nemo</span> <span class='ocrx_word' id='word_1_98' title='bbox 329 1254 450 1310; x_wconf 87' lang='lat' dir='ltr'>debeat:</span> <span class='ocrx_word' id='word_1_99' title='bbox 471 1265 515 1310; x_wconf 90' lang='lat' dir='ltr'>est</span> <span class='ocrx_word' id='word_1_100' title='bbox 528 1253 561 1309; x_wconf 79' lang='grc' dir='ltr'>Θ.</span> <span class='ocrx_word' id='word_1_101' title='bbox 576 1253 675 1323; x_wconf 90' lang='lat' dir='ltr'>Curio,</span> <span class='ocrx_word' id='word_1_102' title='bbox 695 1254 813 1310; x_wconf 87' lang='lat' dir='ltr'>summis</span> <span class='ocrx_word' id='word_1_103' title='bbox 833 1256 931 1312; x_wconf 85' lang='lat' dir='ltr'>vestris</span> <span class='ocrx_word' id='word_1_104' title='bbox 952 1255 1108 1327; x_wconf 84' lang='lat' dir='ltr'>benefieiis,</span> 
     </span>
     <span class='ocr_line' id='line_1_14' title="bbox 136 1330 1109 1408; baseline 0.001 -21"><span class='ocrx_word' id='word_1_105' title='bbox 136 1332 334 1405; x_wconf 80' lang='lat' dir='ltr'>‚maximisque</span> <span class='ocrx_word' id='word_1_106' title='bbox 347 1332 432 1387; x_wconf 89' lang='lat' dir='ltr'>rebus</span> <span class='ocrx_word' id='word_1_107' title='bbox 445 1331 542 1406; x_wconf 83' lang='lat' dir='ltr'>gestis,</span> <span class='ocrx_word' id='word_1_108' title='bbox 556 1347 667 1387; x_wconf 90' lang='lat' dir='ltr'>summo</span> <span class='ocrx_word' id='word_1_109' title='bbox 680 1330 796 1406; x_wconf 83' lang='lat' dir='ltr'>ingenio</span> <span class='ocrx_word' id='word_1_110' title='bbox 805 1341 834 1387; x_wconf 86' lang='lat' dir='ltr'>et</span> <span class='ocrx_word' id='word_1_111' title='bbox 846 1333 995 1406; x_wconf 62' lang='lat' dir='ltr'>prudentie</span> <span class='ocrx_word' id='word_1_112' title='bbox 1008 1333 1109 1408; x_wconf 76' lang='lat' dir='ltr'>predi·</span> 
     </span>
     <span class='ocr_line' id='line_1_15' title="bbox 148 1407 1110 1483; baseline 0 -19"><span class='ocrx_word' id='word_1_113' title='bbox 148 1419 210 1464; x_wconf 89' lang='lat' dir='ltr'>tus:</span> <span class='ocrx_word' id='word_1_114' title='bbox 232 1419 275 1464; x_wconf 91' lang='lat' dir='ltr'>est</span> <span class='ocrx_word' id='word_1_115' title='bbox 288 1409 343 1464; x_wconf 90' lang='lat' dir='ltr'>Cn.</span> <span class='ocrx_word' id='word_1_116' title='bbox 358 1407 506 1478; x_wconf 83' lang='lat' dir='ltr'>Lentulus,</span> <span class='ocrx_word' id='word_1_117' title='bbox 522 1409 551 1464; x_wconf 93' lang='lat' dir='ltr'>in</span> <span class='ocrx_word' id='word_1_118' title='bbox 561 1415 620 1481; x_wconf 89' lang='lat' dir='ltr'>&#39;quo</span> <span class='ocrx_word' id='word_1_119' title='bbox 630 1427 741 1478; x_wconf 90' lang='lat' dir='ltr'>omnes,</span> <span class='ocrx_word' id='word_1_120' title='bbox 754 1427 805 1482; x_wconf 88' lang='lat' dir='ltr'>pro</span> <span class='ocrx_word' id='word_1_121' title='bbox 818 1409 996 1483; x_wconf 80' lang='lat' dir='ltr'>amplissimis</span> <span class='ocrx_word' id='word_1_122' title='bbox 1009 1409 1110 1466; x_wconf 84' lang='lat' dir='ltr'>vestris</span> 
     </span>
    </p>
   </div>
   <div class='ocr_carea' id='block_1_3' title="bbox 143 1484 1159 2032">
    <p class='ocr_par' dir='ltr' id='par_1_3' title="bbox 143 1484 1159 1790">
     <span class='ocr_line' id='line_1_16' title="bbox 149 1484 1159 1560; baseline 0.002 -21"><span class='ocrx_word' id='word_1_123' title='bbox 149 1485 314 1554; x_wconf 88' lang='lat' dir='ltr'>honoribus,</span> <span class='ocrx_word' id='word_1_124' title='bbox 341 1503 483 1540; x_wconf 89' lang='lat' dir='ltr'>summum</span> <span class='ocrx_word' id='word_1_125' title='bbox 503 1484 661 1554; x_wconf 86' lang='lat' dir='ltr'>eonsilium,</span> <span class='ocrx_word' id='word_1_126' title='bbox 686 1503 826 1540; x_wconf 87' lang='lat' dir='ltr'>summam</span> <span class='ocrx_word' id='word_1_127' title='bbox 847 1486 1021 1560; x_wconf 77' lang='lat' dir='ltr'>gravitatem,</span> <span class='ocrx_word' id='word_1_128' title='bbox 1045 1503 1109 1542; x_wconf 86' lang='lat' dir='ltr'>esse</span> <span class='ocrx_word' id='word_1_129' title='bbox 1125 1487 1159 1541; x_wconf 78' lang='lat'>1⁵</span> 
     </span>
     <span class='ocr_line' id='line_1_17' title="bbox 148 1560 1110 1636; baseline 0.001 -19"><span class='ocrx_word' id='word_1_130' title='bbox 148 1561 340 1635; x_wconf 71' lang='lat' dir='ltr'>cognoscitis:</span> <span class='ocrx_word' id='word_1_131' title='bbox 361 1570 405 1618; x_wconf 89' lang='lat' dir='ltr'>est</span> <span class='ocrx_word' id='word_1_132' title='bbox 425 1560 459 1615; x_wconf 76' lang='lat' dir='ltr'>(l.</span> <span class='ocrx_word' id='word_1_133' title='bbox 480 1561 605 1631; x_wconf 87' lang='lat' dir='ltr'>Cassius,</span> <span class='ocrx_word' id='word_1_134' title='bbox 626 1561 795 1636; x_wconf 84' lang='lat' dir='ltr'>integritate,</span> <span class='ocrx_word' id='word_1_135' title='bbox 817 1561 928 1630; x_wconf 83' lang='lat' dir='ltr'>virtute,</span> <span class='ocrx_word' id='word_1_136' title='bbox 951 1561 1110 1618; x_wconf 69' lang='lat' dir='ltr'>mustantib</span> 
     </span>
     <span class='ocr_line' id='line_1_18' title="bbox 148 1637 1109 1712; baseline 0.004 -19"><span class='ocrx_word' id='word_1_137' title='bbox 148 1637 295 1712; x_wconf 80' lang='lat' dir='ltr'>singulari.</span> <span class='ocrx_word' id='word_1_138' title='bbox 335 1637 446 1708; x_wconf 79' lang='lat' dir='ltr'>Quare,</span> <span class='ocrx_word' id='word_1_139' title='bbox 467 1638 568 1709; x_wconf 85' lang='lat' dir='ltr'>ridete,</span> <span class='ocrx_word' id='word_1_140' title='bbox 590 1649 629 1708; x_wconf 91' lang='lat' dir='ltr'>ut,</span> <span class='ocrx_word' id='word_1_141' title='bbox 644 1640 743 1695; x_wconf 88' lang='lat' dir='ltr'>borum</span> <span class='ocrx_word' id='word_1_142' title='bbox 759 1639 983 1712; x_wconf 75' lang='lat' dir='ltr'>auetoritatibus,</span> <span class='ocrx_word' id='word_1_143' title='bbox 998 1639 1109 1696; x_wconf 88' lang='lat' dir='ltr'>illorum</span> 
     </span>
     <span class='ocr_line' id='line_1_19' title="bbox 143 1715 970 1790; baseline -0.001 -19"><span class='ocrx_word' id='word_1_144' title='bbox 143 1715 268 1772; x_wconf 89' lang='lat' dir='ltr'>orationi</span> <span class='ocrx_word' id='word_1_145' title='bbox 281 1715 330 1788; x_wconf 92' lang='lat' dir='ltr'>qui</span> <span class='ocrx_word' id='word_1_146' title='bbox 344 1715 523 1786; x_wconf 89' lang='lat' dir='ltr'>dissentiunt,</span> <span class='ocrx_word' id='word_1_147' title='bbox 538 1715 707 1789; x_wconf 79' lang='lat' dir='ltr'>respondere</span> <span class='ocrx_word' id='word_1_148' title='bbox 721 1734 803 1790; x_wconf 88' lang='lat' dir='ltr'>posse</span> <span class='ocrx_word' id='word_1_149' title='bbox 817 1715 970 1772; x_wconf 82' lang='lat' dir='ltr'>videamur.</span> 
     </span>
    </p>

    <p class='ocr_par' dir='ltr' id='par_1_4' title="bbox 148 1789 1159 2032">
     <span class='ocr_line' id='line_1_20' title="bbox 188 1789 1107 1866; baseline 0.004 -20"><span class='ocrx_word' id='word_1_150' title='bbox 188 1791 303 1846; x_wconf 86' lang='lat' dir='ltr'>XXIV.</span> <span class='ocrx_word' id='word_1_151' title='bbox 337 1791 414 1850; x_wconf 80' lang='lat' dir='ltr'>Quae</span> <span class='ocrx_word' id='word_1_152' title='bbox 442 1789 509 1847; x_wconf 80' lang='lat' dir='ltr'>elim</span> <span class='ocrx_word' id='word_1_153' title='bbox 533 1793 573 1847; x_wconf 85' lang='lat' dir='ltr'>ita</span> <span class='ocrx_word' id='word_1_154' title='bbox 595 1792 661 1861; x_wconf 90' lang='lat' dir='ltr'>sint,</span> <span class='ocrx_word' id='word_1_155' title='bbox 684 1792 719 1847; x_wconf 88' lang='lat' dir='ltr'>C.</span> <span class='ocrx_word' id='word_1_156' title='bbox 741 1791 853 1862; x_wconf 85' lang='lat' dir='ltr'>Manili,</span> <span class='ocrx_word' id='word_1_157' title='bbox 877 1790 1001 1866; x_wconf 81' lang='lat' dir='ltr'>primbm</span> <span class='ocrx_word' id='word_1_158' title='bbox 1026 1793 1107 1850; x_wconf 81' lang='lat' dir='ltr'>istam</span> 
     </span>
     <span class='ocr_line' id='line_1_21' title="bbox 148 1867 1159 1942; baseline 0.002 -18"><span class='ocrx_word' id='word_1_159' title='bbox 148 1878 229 1936; x_wconf 83' lang='lat' dir='ltr'>tuam</span> <span class='ocrx_word' id='word_1_160' title='bbox 243 1877 271 1926; x_wconf 92' lang='lat' dir='ltr'>et</span> <span class='ocrx_word' id='word_1_161' title='bbox 284 1867 387 1942; x_wconf 83' lang='lat' dir='ltr'>legem,</span> <span class='ocrx_word' id='word_1_162' title='bbox 402 1877 431 1923; x_wconf 90' lang='lat' dir='ltr'>et</span> <span class='ocrx_word' id='word_1_163' title='bbox 440 1867 619 1936; x_wconf 84' lang='lat' dir='ltr'>voluntatem,</span> <span class='ocrx_word' id='word_1_164' title='bbox 631 1878 661 1934; x_wconf 78' lang='lat' dir='ltr'>,et</span> <span class='ocrx_word' id='word_1_165' title='bbox 671 1869 838 1926; x_wconf 86' lang='lat' dir='ltr'>sententiam</span> <span class='ocrx_word' id='word_1_166' title='bbox 853 1869 947 1940; x_wconf 81' lang='lat' dir='ltr'>laudo,</span> <span class='ocrx_word' id='word_1_167' title='bbox 961 1869 1109 1926; x_wconf 79' lang='lat' dir='ltr'>rebemeu·</span> <span class='ocrx_word' id='word_1_168' title='bbox 1121 1875 1159 1932; x_wconf 68' lang='lat'>20</span> 
     </span>
     <span class='ocr_line' id='line_1_22' title="bbox 148 1941 1109 2032; baseline 0.003 -31"><span class='ocrx_word' id='word_1_169' title='bbox 148 1941 313 2018; x_wconf 73' lang='lat' dir='ltr'>tissimeque</span> <span class='ocrx_word' id='word_1_170' title='bbox 334 1944 507 2032; x_wconf 79' lang='lat' dir='ltr'>comprobo:</span> <span class='ocrx_word' id='word_1_171' title='bbox 528 1945 632 2000; x_wconf 88' lang='lat' dir='ltr'>deinde</span> <span class='ocrx_word' id='word_1_172' title='bbox 653 1955 680 2001; x_wconf 90' lang='lat' dir='ltr'>te</span> <span class='ocrx_word' id='word_1_173' title='bbox 701 1945 804 2016; x_wconf 88' lang='lat' dir='ltr'>hortor,</span> <span class='ocrx_word' id='word_1_174' title='bbox 825 1957 866 2022; x_wconf 77' lang='lat' dir='ltr'>ut,</span> <span class='ocrx_word' id='word_1_175' title='bbox 880 1957 993 2014; x_wconf 79' lang='lat' dir='ltr'>auctore</span> <span class='ocrx_word' id='word_1_176' title='bbox 1005 1945 1109 2022; x_wconf 67' lang='lat' dir='ltr'>populo</span> 
     </span>
    </p>
   </div>
   <div class='ocr_carea' id='block_1_4' title="bbox 75 2021 1233 3782">
    <p class='ocr_par' dir='ltr' id='par_1_5' title="bbox 147 2021 1109 2175">
     <span class='ocr_line' id='line_1_23' title="bbox 147 2021 1109 2097; baseline 0.002 -17"><span class='ocrx_word' id='word_1_177' title='bbox 147 2021 289 2093; x_wconf 85' lang='lat' dir='ltr'>Romano,</span> <span class='ocrx_word' id='word_1_178' title='bbox 303 2041 420 2078; x_wconf 87' lang='lat' dir='ltr'>maneas</span> <span class='ocrx_word' id='word_1_179' title='bbox 440 2041 470 2078; x_wconf 89' lang='lat' dir='ltr'>rn</span> <span class='ocrx_word' id='word_1_180' title='bbox 484 2021 636 2092; x_wconf 63' lang='lat' dir='ltr'>sententia,</span> <span class='ocrx_word' id='word_1_181' title='bbox 651 2041 721 2078; x_wconf 85' lang='lat' dir='ltr'>nere</span> <span class='ocrx_word' id='word_1_182' title='bbox 742 2023 908 2097; x_wconf 79' lang='lat' dir='ltr'>cujusquam</span> <span class='ocrx_word' id='word_1_183' title='bbox 922 2025 979 2081; x_wconf 84' lang='lat' dir='ltr'>vim</span> <span class='ocrx_word' id='word_1_184' title='bbox 992 2033 1041 2081; x_wconf 86' lang='lat' dir='ltr'>aut</span> <span class='ocrx_word' id='word_1_185' title='bbox 1058 2043 1109 2082; x_wconf 85' lang='lat' dir='ltr'>nu-</span> 
     </span>
     <span class='ocr_line' id='line_1_24' title="bbox 147 2096 1109 2175; baseline 0.003 -20"><span class='ocrx_word' id='word_1_186' title='bbox 147 2115 201 2156; x_wconf 80' lang='lat' dir='ltr'>nes</span> <span class='ocrx_word' id='word_1_187' title='bbox 218 2100 409 2175; x_wconf 86' lang='lat' dir='ltr'>pertimescas.</span> <span class='ocrx_word' id='word_1_188' title='bbox 450 2096 589 2170; x_wconf 74' lang='lat' dir='ltr'>Primum,</span> <span class='ocrx_word' id='word_1_189' title='bbox 610 2099 641 2156; x_wconf 88' lang='lat' dir='ltr'>iu</span> <span class='ocrx_word' id='word_1_190' title='bbox 661 2111 688 2156; x_wconf 90' lang='lat' dir='ltr'>te</span> <span class='ocrx_word' id='word_1_191' title='bbox 709 2099 778 2156; x_wconf 87' lang='lat' dir='ltr'>satis</span> <span class='ocrx_word' id='word_1_192' title='bbox 791 2119 853 2166; x_wconf 83' lang='lat' dir='ltr'>esse</span> <span class='ocrx_word' id='word_1_193' title='bbox 875 2101 962 2158; x_wconf 88' lang='lat' dir='ltr'>animi</span> <span class='ocrx_word' id='word_1_194' title='bbox 981 2119 1109 2175; x_wconf 81' lang='lat' dir='ltr'>perseve-</span> 
     </span>
    </p>

    <p class='ocr_par' dir='ltr' id='par_1_6' title="bbox 75 2171 1159 3099">
     <span class='ocr_line' id='line_1_25' title="bbox 75 2171 1109 2251; baseline -0.002 -15"><span class='ocrx_word' id='word_1_195' title='bbox 75 2233 77 2236; x_wconf 86' lang='lat'>.</span> <span class='ocrx_word' id='word_1_196' title='bbox 146 2177 302 2251; x_wconf 86' lang='lat' dir='ltr'>rantiaeque</span> <span class='ocrx_word' id='word_1_197' title='bbox 317 2177 453 2232; x_wconf 84' lang='lat' dir='ltr'>arbitror:</span> <span class='ocrx_word' id='word_1_198' title='bbox 474 2177 589 2246; x_wconf 89' lang='lat' dir='ltr'>deiude,</span> <span class='ocrx_word' id='word_1_199' title='bbox 611 2171 678 2232; x_wconf 78' lang='lat' dir='ltr'>eum</span> <span class='ocrx_word' id='word_1_200' title='bbox 692 2187 800 2234; x_wconf 84' lang='lat' dir='ltr'>tautam</span> <span class='ocrx_word' id='word_1_201' title='bbox 818 2177 1026 2234; x_wconf 83' lang='lat' dir='ltr'>multitudinem</span> <span class='ocrx_word' id='word_1_202' title='bbox 1042 2195 1109 2234; x_wconf 85' lang='lat' dir='ltr'>cum</span> 
     </span>
     <span class='ocr_line' id='line_1_26' title="bbox 147 2253 1159 2327; baseline 0.002 -17"><span class='ocrx_word' id='word_1_203' title='bbox 147 2264 227 2312; x_wconf 88' lang='lat' dir='ltr'>tauto</span> <span class='ocrx_word' id='word_1_204' title='bbox 255 2254 349 2310; x_wconf 88' lang='lat' dir='ltr'>studio</span> <span class='ocrx_word' id='word_1_205' title='bbox 376 2253 474 2308; x_wconf 86' lang='lat' dir='ltr'>adesse</span> <span class='ocrx_word' id='word_1_206' title='bbox 501 2253 656 2323; x_wconf 80' lang='lat' dir='ltr'>videamus,</span> <span class='ocrx_word' id='word_1_207' title='bbox 684 2265 821 2327; x_wconf 88' lang='lat' dir='ltr'>quantum</span> <span class='ocrx_word' id='word_1_208' title='bbox 848 2273 925 2312; x_wconf 88' lang='lat' dir='ltr'>nune</span> <span class='ocrx_word' id='word_1_209' title='bbox 954 2254 1055 2312; x_wconf 84' lang='lat' dir='ltr'>iterum</span> <span class='ocrx_word' id='word_1_210' title='bbox 1079 2254 1109 2310; x_wconf 92' lang='lat' dir='ltr'>in</span> <span class='ocrx_word' id='word_1_211' title='bbox 1123 2257 1159 2312; x_wconf 74' lang='lat'>25</span> 
     </span>
     <span class='ocr_line' id='line_1_27' title="bbox 145 2328 1109 2406; baseline 0.001 -18"><span class='ocrx_word' id='word_1_212' title='bbox 145 2331 249 2388; x_wconf 90' lang='lat' dir='ltr'>eodem</span> <span class='ocrx_word' id='word_1_213' title='bbox 270 2330 385 2388; x_wconf 90' lang='lat' dir='ltr'>homine</span> <span class='ocrx_word' id='word_1_214' title='bbox 399 2329 579 2404; x_wconf 74' lang='lat' dir='ltr'>preficiendo</span> <span class='ocrx_word' id='word_1_215' title='bbox 599 2330 744 2399; x_wconf 87' lang='lat' dir='ltr'>videmus;</span> <span class='ocrx_word' id='word_1_216' title='bbox 765 2332 898 2404; x_wconf 91' lang='lat' dir='ltr'>quidest,</span> <span class='ocrx_word' id='word_1_217' title='bbox 917 2328 992 2406; x_wconf 87' lang='lat' dir='ltr'>qirod</span> <span class='ocrx_word' id='word_1_218' title='bbox 1006 2341 1055 2389; x_wconf 84' lang='lat' dir='ltr'>aut</span> <span class='ocrx_word' id='word_1_219' title='bbox 1072 2331 1109 2390; x_wconf 82' lang='lat' dir='ltr'>de</span> 
     </span>
     <span class='ocr_line' id='line_1_28' title="bbox 145 2407 1107 2488; baseline 0.002 -24"><span class='ocrx_word' id='word_1_220' title='bbox 145 2427 187 2479; x_wconf 91' lang='lat' dir='ltr'>re,</span> <span class='ocrx_word' id='word_1_221' title='bbox 210 2418 258 2466; x_wconf 85' lang='lat' dir='ltr'>aut</span> <span class='ocrx_word' id='word_1_222' title='bbox 282 2409 318 2465; x_wconf 93' lang='lat' dir='ltr'>de</span> <span class='ocrx_word' id='word_1_223' title='bbox 340 2407 505 2484; x_wconf 79' lang='lat' dir='ltr'>perficiendi</span> <span class='ocrx_word' id='word_1_224' title='bbox 528 2408 670 2488; x_wconf 82' lang='lat' dir='ltr'>facultate,</span> <span class='ocrx_word' id='word_1_225' title='bbox 691 2408 877 2466; x_wconf 75' lang='lat' dir='ltr'>dubitemusl</span> <span class='ocrx_word' id='word_1_226' title='bbox 917 2409 980 2484; x_wconf 84' lang='lat' dir='ltr'>Ego</span> <span class='ocrx_word' id='word_1_227' title='bbox 1004 2419 1107 2480; x_wconf 81' lang='lat' dir='ltr'>autem,</span> 
     </span>
     <span class='ocr_line' id='line_1_29' title="bbox 145 2479 1109 2562; baseline 0.002 -22"><span class='ocrx_word' id='word_1_228' title='bbox 145 2486 283 2559; x_wconf 86' lang='lat' dir='ltr'>quidquid</span> <span class='ocrx_word' id='word_1_229' title='bbox 298 2487 327 2542; x_wconf 90' lang='lat' dir='ltr'>iu</span> <span class='ocrx_word' id='word_1_230' title='bbox 343 2504 389 2542; x_wconf 88' lang='lat' dir='ltr'>me</span> <span class='ocrx_word' id='word_1_231' title='bbox 402 2496 446 2542; x_wconf 86' lang='lat' dir='ltr'>est</span> <span class='ocrx_word' id='word_1_232' title='bbox 459 2485 556 2556; x_wconf 90' lang='lat' dir='ltr'>studii,</span> <span class='ocrx_word' id='word_1_233' title='bbox 570 2485 692 2555; x_wconf 84' lang='lat' dir='ltr'>consilii,</span> <span class='ocrx_word' id='word_1_234' title='bbox 713 2479 826 2557; x_wconf 86' lang='lat' dir='ltr'>laboris,</span> <span class='ocrx_word' id='word_1_235' title='bbox 840 2487 958 2562; x_wconf 85' lang='lat' dir='ltr'>ingenii,</span> <span class='ocrx_word' id='word_1_236' title='bbox 972 2485 1109 2560; x_wconf 84' lang='lat' dir='ltr'>quidquid</span> 
     </span>
     <span class='ocr_line' id='line_1_30' title="bbox 145 2561 1108 2638; baseline -0.001 -20"><span class='ocrx_word' id='word_1_237' title='bbox 145 2563 203 2618; x_wconf 83' lang='lat' dir='ltr'>hoe</span> <span class='ocrx_word' id='word_1_238' title='bbox 217 2562 358 2616; x_wconf 78' lang='lat' dir='ltr'>beneficio</span> <span class='ocrx_word' id='word_1_239' title='bbox 377 2561 474 2634; x_wconf 90' lang='lat' dir='ltr'>populi</span> <span class='ocrx_word' id='word_1_240' title='bbox 487 2561 624 2631; x_wconf 82' lang='lat' dir='ltr'>Rotnani,</span> <span class='ocrx_word' id='word_1_241' title='bbox 646 2573 729 2634; x_wconf 82' lang='lat' dir='ltr'>atque</span> <span class='ocrx_word' id='word_1_242' title='bbox 743 2563 796 2618; x_wconf 84' lang='lat' dir='ltr'>huo</span> <span class='ocrx_word' id='word_1_243' title='bbox 815 2573 951 2638; x_wconf 74' lang='lat' dir='ltr'>potestate</span> <span class='ocrx_word' id='word_1_244' title='bbox 969 2561 1108 2636; x_wconf 61' lang='lat' dir='ltr'>pretorii,</span> 
     </span>
     <span class='ocr_line' id='line_1_31' title="bbox 145 2637 1159 2714; baseline 0.002 -20"><span class='ocrx_word' id='word_1_245' title='bbox 145 2637 288 2713; x_wconf 92' lang='lat' dir='ltr'>quidquid</span> <span class='ocrx_word' id='word_1_246' title='bbox 310 2637 487 2704; x_wconf 78' lang='lat' dir='ltr'>auctoritate,</span> <span class='ocrx_word' id='word_1_247' title='bbox 507 2637 573 2706; x_wconf 86' lang='lat' dir='ltr'>lide,</span> <span class='ocrx_word' id='word_1_248' title='bbox 594 2637 751 2694; x_wconf 69' lang='lat' dir='ltr'>constantii</span> <span class='ocrx_word' id='word_1_249' title='bbox 770 2658 899 2714; x_wconf 89' lang='lat' dir='ltr'>possum;</span> <span class='ocrx_word' id='word_1_250' title='bbox 921 2639 950 2694; x_wconf 91' lang='lat' dir='ltr'>id</span> <span class='ocrx_word' id='word_1_251' title='bbox 964 2657 1056 2706; x_wconf 90' lang='lat' dir='ltr'>omne,</span> <span class='ocrx_word' id='word_1_252' title='bbox 1073 2637 1109 2708; x_wconf 69' lang='lat' dir='ltr'>ad</span> <span class='ocrx_word' id='word_1_253' title='bbox 1123 2641 1159 2696; x_wconf 80' lang='grc'>30</span> 
     </span>
     <span class='ocr_line' id='line_1_32' title="bbox 146 2711 1110 2810; baseline -0.004 -36"><span class='ocrx_word' id='word_1_254' title='bbox 146 2718 223 2776; x_wconf 80' lang='lat' dir='ltr'>beno</span> <span class='ocrx_word' id='word_1_255' title='bbox 242 2733 305 2772; x_wconf 90' lang='lat' dir='ltr'>rem</span> <span class='ocrx_word' id='word_1_256' title='bbox 320 2711 536 2783; x_wconf 77' lang='lat' dir='ltr'>conficiendam,</span> <span class='ocrx_word' id='word_1_257' title='bbox 558 2713 607 2770; x_wconf 91' lang='lat' dir='ltr'>tibi</span> <span class='ocrx_word' id='word_1_258' title='bbox 623 2724 651 2770; x_wconf 89' lang='lat' dir='ltr'>et</span> <span class='ocrx_word' id='word_1_259' title='bbox 670 2715 771 2790; x_wconf 91' lang='lat' dir='ltr'>populo</span> <span class='ocrx_word' id='word_1_260' title='bbox 784 2716 916 2774; x_wconf 78' lang='lat' dir='ltr'>Romano</span> <span class='ocrx_word' id='word_1_261' title='bbox 935 2713 1068 2810; x_wconf 80' lang='lat' dir='ltr'>polliceor</span> <span class='ocrx_word' id='word_1_262' title='bbox 1081 2723 1110 2770; x_wconf 88' lang='lat' dir='ltr'>et</span> 
     </span>
     <span class='ocr_line' id='line_1_33' title="bbox 146 2789 1109 2866; baseline 0 -18"><span class='ocrx_word' id='word_1_263' title='bbox 146 2791 255 2849; x_wconf 83' lang='lat' dir='ltr'>defero.</span> <span class='ocrx_word' id='word_1_264' title='bbox 298 2789 458 2863; x_wconf 85' lang='lat' dir='ltr'>Testorque</span> <span class='ocrx_word' id='word_1_265' title='bbox 479 2806 578 2848; x_wconf 89' lang='lat' dir='ltr'>omnes</span> <span class='ocrx_word' id='word_1_266' title='bbox 602 2789 688 2864; x_wconf 84' lang='lat' dir='ltr'>Deos,</span> <span class='ocrx_word' id='word_1_267' title='bbox 710 2803 739 2848; x_wconf 92' lang='lat' dir='ltr'>et</span> <span class='ocrx_word' id='word_1_268' title='bbox 759 2812 808 2850; x_wconf 88' lang='lat' dir='ltr'>eos</span> <span class='ocrx_word' id='word_1_269' title='bbox 827 2793 950 2849; x_wconf 87' lang='lat' dir='ltr'>maxime</span> <span class='ocrx_word' id='word_1_270' title='bbox 971 2791 1020 2866; x_wconf 90' lang='lat' dir='ltr'>qui</span> <span class='ocrx_word' id='word_1_271' title='bbox 1041 2789 1109 2848; x_wconf 82' lang='lat' dir='ltr'>buio</span> 
     </span>
     <span class='ocr_line' id='line_1_34' title="bbox 144 2867 1109 2943; baseline -0.002 -17"><span class='ocrx_word' id='word_1_272' title='bbox 144 2871 209 2928; x_wconf 85' lang='lat' dir='ltr'>loco</span> <span class='ocrx_word' id='word_1_273' title='bbox 229 2867 389 2942; x_wconf 81' lang='lat' dir='ltr'>temploque</span> <span class='ocrx_word' id='word_1_274' title='bbox 408 2868 568 2942; x_wconf 73' lang='lat' dir='ltr'>president,</span> <span class='ocrx_word' id='word_1_275' title='bbox 588 2869 635 2942; x_wconf 91' lang='lat' dir='ltr'>qui</span> <span class='ocrx_word' id='word_1_276' title='bbox 655 2871 783 2926; x_wconf 90' lang='lat' dir='ltr'>omnium</span> <span class='ocrx_word' id='word_1_277' title='bbox 804 2879 914 2926; x_wconf 89' lang='lat' dir='ltr'>mentes</span> <span class='ocrx_word' id='word_1_278' title='bbox 934 2888 1040 2942; x_wconf 89' lang='lat' dir='ltr'>eorum,</span> <span class='ocrx_word' id='word_1_279' title='bbox 1060 2867 1109 2943; x_wconf 92' lang='lat' dir='ltr'>qui</span> 
     </span>
     <span class='ocr_line' id='line_1_35' title="bbox 145 2945 1110 3020; baseline -0.001 -17"><span class='ocrx_word' id='word_1_280' title='bbox 145 2949 180 3004; x_wconf 89' lang='lat' dir='ltr'>ad</span> <span class='ocrx_word' id='word_1_281' title='bbox 195 2966 256 3012; x_wconf 86' lang='lat' dir='ltr'>rem</span> <span class='ocrx_word' id='word_1_282' title='bbox 270 2945 416 3020; x_wconf 83' lang='lat' dir='ltr'>publicam</span> <span class='ocrx_word' id='word_1_283' title='bbox 431 2945 546 3016; x_wconf 88' lang='lat' dir='ltr'>adeunt,</span> <span class='ocrx_word' id='word_1_284' title='bbox 560 2947 680 3002; x_wconf 83' lang='lat' dir='ltr'>maxime</span> <span class='ocrx_word' id='word_1_285' title='bbox 691 2947 876 3020; x_wconf 79' lang='lat' dir='ltr'>perspiciunt,</span> <span class='ocrx_word' id='word_1_286' title='bbox 890 2965 935 3001; x_wconf 89' lang='lat' dir='ltr'>me</span> <span class='ocrx_word' id='word_1_287' title='bbox 951 2948 1005 3002; x_wconf 85' lang='lat' dir='ltr'>hoo</span> <span class='ocrx_word' id='word_1_288' title='bbox 1017 2963 1110 3019; x_wconf 87' lang='lat' dir='ltr'>neque</span> 
     </span>
     <span class='ocr_line' id='line_1_36' title="bbox 144 3021 1159 3099; baseline 0 -19"><span class='ocrx_word' id='word_1_289' title='bbox 144 3035 245 3099; x_wconf 84' lang='lat' dir='ltr'>rogatu</span> <span class='ocrx_word' id='word_1_290' title='bbox 267 3023 362 3078; x_wconf 84' lang='lat' dir='ltr'>faeere</span> <span class='ocrx_word' id='word_1_291' title='bbox 383 3021 558 3096; x_wconf 82' lang='lat' dir='ltr'>cujusquam,</span> <span class='ocrx_word' id='word_1_292' title='bbox 579 3042 671 3096; x_wconf 91' lang='lat' dir='ltr'>neque</span> <span class='ocrx_word' id='word_1_293' title='bbox 690 3021 747 3096; x_wconf 73' lang='lat' dir='ltr'>qul)</span> <span class='ocrx_word' id='word_1_294' title='bbox 768 3023 823 3077; x_wconf 84' lang='lat' dir='ltr'>Cn.</span> <span class='ocrx_word' id='word_1_295' title='bbox 843 3021 969 3094; x_wconf 89' lang='lat' dir='ltr'>Pompeii</span> <span class='ocrx_word' id='word_1_296' title='bbox 990 3023 1109 3094; x_wconf 84' lang='lat' dir='ltr'>gratiam</span> <span class='ocrx_word' id='word_1_297' title='bbox 1123 3027 1159 3080; x_wconf 78' lang='lat'>³⁵</span> 
     </span>
    </p>

    <p class='ocr_par' dir='ltr' id='par_1_7' title="bbox 100 3093 1233 3620">
     <span class='ocr_line' id='line_1_37' title="bbox 100 3093 1111 3176; baseline -0.006 -18"><span class='ocrx_word' id='word_1_298' title='bbox 100 3137 103 3144; x_wconf 54' lang='lat'>2</span> <span class='ocrx_word' id='word_1_299' title='bbox 146 3101 215 3158; x_wconf 91' lang='lat' dir='ltr'>mihi</span> <span class='ocrx_word' id='word_1_300' title='bbox 229 3120 281 3176; x_wconf 87' lang='lat' dir='ltr'>per</span> <span class='ocrx_word' id='word_1_301' title='bbox 295 3101 371 3156; x_wconf 83' lang='lat' dir='ltr'>bano</span> <span class='ocrx_word' id='word_1_302' title='bbox 385 3117 500 3154; x_wconf 85' lang='lat' dir='ltr'>oausam</span> <span class='ocrx_word' id='word_1_303' title='bbox 511 3100 657 3156; x_wconf 85' lang='lat' dir='ltr'>oonolliari</span> <span class='ocrx_word' id='word_1_304' title='bbox 672 3111 788 3173; x_wconf 89' lang='lat' dir='ltr'>putem;</span> <span class='ocrx_word' id='word_1_305' title='bbox 804 3115 896 3170; x_wconf 89' lang='lat' dir='ltr'>neque</span> <span class='ocrx_word' id='word_1_306' title='bbox 909 3093 965 3171; x_wconf 84' lang='lat' dir='ltr'>qub</span> <span class='ocrx_word' id='word_1_307' title='bbox 980 3096 1059 3165; x_wconf 90' lang='lat' dir='ltr'>mibi,</span> <span class='ocrx_word' id='word_1_308' title='bbox 1074 3114 1111 3152; x_wconf 87' lang='lat' dir='ltr'>ex</span> 
     </span>
     <span class='ocr_line' id='line_1_38' title="bbox 146 3173 1111 3252; baseline -0.003 -20"><span class='ocrx_word' id='word_1_309' title='bbox 146 3177 311 3250; x_wconf 69' lang='lat' dir='ltr'>cuiusquam</span> <span class='ocrx_word' id='word_1_310' title='bbox 323 3176 518 3252; x_wconf 86' lang='lat' dir='ltr'>amplitudine,</span> <span class='ocrx_word' id='word_1_311' title='bbox 533 3187 582 3232; x_wconf 88' lang='lat' dir='ltr'>ant</span> <span class='ocrx_word' id='word_1_312' title='bbox 591 3177 721 3250; x_wconf 75' lang='lat' dir='ltr'>presidia</span> <span class='ocrx_word' id='word_1_313' title='bbox 731 3174 877 3250; x_wconf 81' lang='lat' dir='ltr'>perieulis,</span> <span class='ocrx_word' id='word_1_314' title='bbox 889 3185 938 3230; x_wconf 85' lang='lat' dir='ltr'>aut</span> <span class='ocrx_word' id='word_1_315' title='bbox 948 3173 1111 3248; x_wconf 83' lang='lat' dir='ltr'>adjumenta</span> 
     </span>
     <span class='ocr_line' id='line_1_39' title="bbox 149 3247 1210 3327; baseline 0.001 -21"><span class='ocrx_word' id='word_1_316' title='bbox 149 3253 312 3322; x_wconf 86' lang='lat' dir='ltr'>honoribus,</span> <span class='ocrx_word' id='word_1_317' title='bbox 326 3271 467 3326; x_wconf 78' lang='lat' dir='ltr'>quaeram3</span> <span class='ocrx_word' id='word_1_318' title='bbox 480 3263 627 3327; x_wconf 83' lang='lat' dir='ltr'>propterea</span> <span class='ocrx_word' id='word_1_319' title='bbox 636 3249 713 3326; x_wconf 84' lang='lat' dir='ltr'>qubd</span> <span class='ocrx_word' id='word_1_320' title='bbox 727 3250 855 3325; x_wconf 84' lang='lat' dir='ltr'>pericula</span> <span class='ocrx_word' id='word_1_321' title='bbox 868 3247 961 3324; x_wconf 74' lang='lat' dir='ltr'>saoilb,</span> <span class='ocrx_word' id='word_1_322' title='bbox 977 3262 1008 3306; x_wconf 92' lang='lat' dir='ltr'>ut</span> <span class='ocrx_word' id='word_1_323' title='bbox 1021 3250 1111 3307; x_wconf 88' lang='lat' dir='ltr'>homi·-</span> <span class='ocrx_word' id='word_1_324' title='bbox 1206 3262 1210 3274; x_wconf 94' lang='grc'><em>’</em></span> 
     </span>
     <span class='ocr_line' id='line_1_40' title="bbox 147 3325 1172 3402; baseline 0.002 -20"><span class='ocrx_word' id='word_1_325' title='bbox 147 3345 217 3400; x_wconf 72' lang='lat' dir='ltr'>pem</span> <span class='ocrx_word' id='word_1_326' title='bbox 232 3338 362 3400; x_wconf 67' lang='lat' dir='ltr'>prestere</span> <span class='ocrx_word' id='word_1_327' title='bbox 377 3341 493 3402; x_wconf 83' lang='lat' dir='ltr'>oportet,</span> <span class='ocrx_word' id='word_1_328' title='bbox 513 3329 678 3386; x_wconf 65' lang='lat' dir='ltr'>innocentie</span> <span class='ocrx_word' id='word_1_329' title='bbox 692 3329 771 3396; x_wconf 87' lang='lat' dir='ltr'>teeti,</span> <span class='ocrx_word' id='word_1_330' title='bbox 785 3325 970 3398; x_wconf 88' lang='lat' dir='ltr'>repellemus:</span> <span class='ocrx_word' id='word_1_331' title='bbox 992 3327 1110 3384; x_wconf 86' lang='lat' dir='ltr'>honores</span> <span class='ocrx_word' id='word_1_332' title='bbox 1170 3347 1172 3350; x_wconf 89' lang='lat'>·</span> 
     </span>
     <span class='ocr_line' id='line_1_41' title="bbox 146 3401 1233 3480; baseline 0.001 -20"><span class='ocrx_word' id='word_1_333' title='bbox 146 3403 353 3476; x_wconf 81' lang='lat' dir='ltr'>autemneque</span> <span class='ocrx_word' id='word_1_334' title='bbox 375 3405 410 3468; x_wconf 87' lang='lat' dir='ltr'>ab</span> <span class='ocrx_word' id='word_1_335' title='bbox 422 3424 489 3479; x_wconf 88' lang='lat' dir='ltr'>uno,</span> <span class='ocrx_word' id='word_1_336' title='bbox 503 3425 595 3480; x_wconf 91' lang='lat' dir='ltr'>neque</span> <span class='ocrx_word' id='word_1_337' title='bbox 616 3424 653 3462; x_wconf 85' lang='lat' dir='ltr'>ex</span> <span class='ocrx_word' id='word_1_338' title='bbox 666 3406 719 3474; x_wconf 83' lang='lat' dir='ltr'>hoo</span> <span class='ocrx_word' id='word_1_339' title='bbox 740 3404 814 3471; x_wconf 86' lang='lat' dir='ltr'>loeo,</span> <span class='ocrx_word' id='word_1_340' title='bbox 829 3401 879 3472; x_wconf 80' lang='lat' dir='ltr'>sed</span> <span class='ocrx_word' id='word_1_341' title='bbox 900 3401 1001 3458; x_wconf 71' lang='lat' dir='ltr'>eidem</span> <span class='ocrx_word' id='word_1_342' title='bbox 1015 3403 1110 3460; x_wconf 74' lang='lat' dir='ltr'>nostrl</span> <span class='ocrx_word' id='word_1_343' title='bbox 1124 3409 1160 3461; x_wconf 80' lang='lat'>4⁰</span> <span class='ocrx_word' id='word_1_344' title='bbox 1231 3435 1233 3440; x_wconf 89' lang='lat'><em>·</em></span> 
     </span>
     <span class='ocr_line' id='line_1_42' title="bbox 145 3476 1111 3554; baseline 0.002 -16"><span class='ocrx_word' id='word_1_345' title='bbox 145 3477 194 3554; x_wconf 66' lang='lat' dir='ltr'>illel</span> <span class='ocrx_word' id='word_1_346' title='bbox 208 3479 431 3540; x_wconf 65' lang='lat' dir='ltr'>laboriosissime</span> <span class='ocrx_word' id='word_1_347' title='bbox 450 3483 559 3540; x_wconf 89' lang='lat' dir='ltr'>ratione</span> <span class='ocrx_word' id='word_1_348' title='bbox 573 3482 648 3550; x_wconf 79' lang='lat' dir='ltr'>vite,</span> <span class='ocrx_word' id='word_1_349' title='bbox 663 3481 796 3536; x_wconf 74' lang='lat' dir='ltr'>sinestra</span> <span class='ocrx_word' id='word_1_350' title='bbox 812 3476 938 3544; x_wconf 86' lang='lat' dir='ltr'>voluntas</span> <span class='ocrx_word' id='word_1_351' title='bbox 952 3479 1031 3550; x_wconf 85' lang='lat' dir='ltr'>feret,</span> <span class='ocrx_word' id='word_1_352' title='bbox 1045 3497 1111 3540; x_wconf 78' lang='lat' dir='ltr'>oon·</span> 
     </span>
     <span class='ocr_line' id='line_1_43' title="bbox 144 3575 1083 3620; baseline -0.001 -4"><span class='ocrx_word' id='word_1_353' title='bbox 144 3575 307 3620; x_wconf 74' lang='lat' dir='ltr'>suemur.</span> <span class='ocrx_word' id='word_1_354' title='bbox 834 3593 839 3606; x_wconf 90' lang='lat'><strong>·</strong></span> <span class='ocrx_word' id='word_1_355' title='bbox 1079 3583 1083 3592; x_wconf 92' lang='lat'>·</span> 
     </span>
    </p>

    <p class='ocr_par' dir='ltr' id='par_1_8' title="bbox 142 3576 1188 3782">
     <span class='ocr_line' id='line_1_44' title="bbox 159 3576 1188 3710; baseline -0.003 -19"><span class='ocrx_word' id='word_1_356' title='bbox 159 3576 394 3705; x_wconf 62' lang='lat' dir='ltr'>quuamobrem,</span> <span class='ocrx_word' id='word_1_357' title='bbox 414 3635 553 3710; x_wconf 78' lang='lat' dir='ltr'>quidquid</span> <span class='ocrx_word' id='word_1_358' title='bbox 566 3633 597 3688; x_wconf 90' lang='lat' dir='ltr'>in</span> <span class='ocrx_word' id='word_1_359' title='bbox 617 3632 674 3686; x_wconf 86' lang='lat' dir='ltr'>hee</span> <span class='ocrx_word' id='word_1_360' title='bbox 687 3629 775 3686; x_wconf 69' lang='lat' dir='ltr'>causi</span> <span class='ocrx_word' id='word_1_361' title='bbox 789 3631 860 3688; x_wconf 88' lang='lat' dir='ltr'>mihi</span> <span class='ocrx_word' id='word_1_362' title='bbox 880 3642 1045 3705; x_wconf 76' lang='lat' dir='ltr'>susceptum</span> <span class='ocrx_word' id='word_1_363' title='bbox 1058 3635 1110 3688; x_wconf 76' lang='lat' dir='ltr'>est,</span> <span class='ocrx_word' id='word_1_364' title='bbox 1180 3619 1188 3634; x_wconf 79' lang='grc'><strong>”</strong></span> 
     </span>
     <span class='ocr_line' id='line_1_45' title="bbox 142 3699 1126 3782; baseline -0.013 -11"><span class='ocrx_word' id='word_1_365' title='bbox 142 3708 286 3782; x_wconf 75' lang='lat' dir='ltr'>Quirites,</span> <span class='ocrx_word' id='word_1_366' title='bbox 302 3707 427 3766; x_wconf 82' lang='lat' dir='ltr'>idemne</span> <span class='ocrx_word' id='word_1_367' title='bbox 440 3729 488 3767; x_wconf 90' lang='lat' dir='ltr'>me</span> <span class='ocrx_word' id='word_1_368' title='bbox 501 3707 666 3781; x_wconf 75' lang='lat' dir='ltr'>reipublice</span> <span class='ocrx_word' id='word_1_369' title='bbox 677 3705 766 3772; x_wconf 63' lang='lat' dir='ltr'>causi</span> <span class='ocrx_word' id='word_1_370' title='bbox 780 3708 938 3778; x_wconf 83' lang='lat' dir='ltr'>srrseepisee</span> <span class='ocrx_word' id='word_1_371' title='bbox 957 3699 1126 3771; x_wconf 62' lang='lat' dir='ltr'>oonfirmof·</span> 
     </span>
    </p>
   </div>
   <div class='ocr_carea' id='block_1_5' title="bbox 0 0 1276 4212">
    <p class='ocr_par' dir='ltr' id='par_1_9' title="bbox 0 0 1276 4212">
     <span class='ocr_line' id='line_1_46' title="bbox 0 0 1276 4212; baseline 0 0"><span class='ocrx_word' id='word_1_372' title='bbox 0 0 1276 4212; x_wconf 95' lang='lat' dir='ltr'> </span> 
     </span>
    </p>
   </div>
  </div>
 </body>
</html>
