2516 4204
334 269 468 322 ORATIO
484 269 552 320 PRO
568 271 600 320 Τ.
617 267 728 320 ANNIO
743 269 889 322 unone.
1081 273 1137 330 127

134 437 190 478 non
209 413 300 474 solum
318 413 392 470 lama
412 412 471 486 jam
495 413 531 468 de
553 413 609 482 illo,
624 412 673 468 sed
694 412 779 468 etiam
801 411 908 483 letitia,
921 410 1086 486 peragravit.

134 493 337 561 Quamobrem,
360 490 410 544 ubi
438 507 541 562 corpus
568 491 621 546 hee
648 489 693 560 sit,
720 490 805 558 non,’'
833 489 931 562 iuquit,
952 488 1086 558 “laboro,

136 570 267 646 quoniam
279 567 410 638 omnibus
423 563 453 621 in
467 565 548 622 terris
561 578 591 622 et
601 565 659 639 jam
673 576 807 636 vermari,
817 576 846 622 et
858 583 967 640 semper
980 564 1086 622 babita-

137 649 185 718 bit,
200 643 323 703 nominis
336 643 393 699 mei
407 641 523 716 gloria.”

172 719 314 787 XXXVI.
356 718 430 774 Haec
450 729 481 774 tu
505 735 619 774 mecum
643 735 727 792 saepe,
749 719 794 774 his
817 719 997 776 absentibus:
1025 719 1085 788 sed,
1118 725 1136 776 b

135 801 235 859 iisdem
249 795 438 864 audientibus,
449 795 510 850 heo
525 812 579 868 ego
591 805 695 864 tecum,
707 793 785 852 Milo.
826 794 871 854 Te
884 796 1008 869 quidem,
1019 792 1086 851 cum

137 878 189 933 isto
202 873 297 931 animo
308 891 352 941 es,
365 870 432 926 sutis
448 870 562 926 laudare
587 889 645 926 non
666 889 797 944 possum
816 872 877 941 sed,
891 868 947 946 qud
970 882 1013 928 est
1033 871 1088 928 ists

138 951 228 1045 magis
243 949 337 1005 divina
360 947 454 1017 virtus,
467 943 502 1002 ed
525 947 629 1020 majore
654 957 720 1002 ate
744 947 838 1004 dolore
858 948 982 1006 divellor.
1022 946 1087 1004 Nee

138 1047 213 1097 vero,
228 1025 251 1081 si
265 1024 332 1080 mihi
346 1023 470 1098 eriperis,
483 1023 589 1096 reliqua
602 1033 646 1080 est
658 1022 705 1078 illa
718 1023 816 1080 saltem
829 1025 864 1080 ad
884 1024 1087 1081 consolandum

138 1103 258 1178 querela,
273 1111 304 1156 ut
317 1101 362 1156 liis
375 1100 458 1156 irasci
472 1100 586 1173 possim,
600 1119 617 1156 a
638 1099 740 1172 quibus
762 1109 871 1156 tantum
894 1100 996 1156 vulnus
1009 1117 1089 1156 acce·
1103 1107 1138 1159 1⁰

134 1200 208 1257 pero.
239 1177 306 1234 Non
317 1177 394 1232 enim
405 1176 513 1232 inimici
524 1176 580 1232 mei
592 1187 619 1234 te
630 1175 700 1232 mihi
710 1176 839 1250 eripient,
848 1177 898 1234 sed
908 1175 1087 1244 amicissimi;

136 1277 191 1314 non
219 1251 293 1312 meld
322 1253 470 1326 aliquando
496 1253 532 1308 de
559 1271 605 1308 me
632 1253 734 1322 meriti,
761 1251 811 1308 sed
838 1272 947 1328 semper
972 1250 1087 1327 optime.

135 1333 252 1390 Nullum
279 1349 413 1404 unquam,
429 1329 550 1403 judices,
577 1328 647 1385 mihi
674 1340 783 1386 tanturn
810 1330 934 1386 dolorem
960 1329 1088 1400 meretis,

138 1409 202 1486 (etsi
216 1409 278 1482 quis
290 1416 381 1481 potest
394 1425 456 1462 esse
469 1404 597 1480 tantusl)
615 1405 665 1462 sed
676 1424 712 1460 ne
726 1406 803 1464 hunc
815 1407 930 1479 quidem
943 1407 1044 1480 ipsum,
1057 1416 1090 1462 ut

138 1487 296 1553 obliviscar,
317 1483 412 1555 quanti
434 1501 479 1538 me
501 1501 610 1556 semper
632 1482 764 1538 feceritis.
803 1481 879 1542 Qua
900 1483 924 1539 si
945 1501 994 1539 vos
1014 1482 1090 1556 cepit
1105 1489 1140 1542 15

139 1561 252 1632 oblivio,
267 1571 315 1616 aut
328 1559 352 1614 si
366 1559 396 1614 in
410 1577 455 1616 me
474 1559 576 1632 aliquid
597 1558 754 1616 offendistis
762 1577 770 1628 ;
790 1577 841 1616 cur
854 1578 911 1616 non
925 1559 954 1616 itl
968 1577 1033 1616 meo
1045 1575 1091 1616 ca·

136 1639 195 1715 pite
218 1634 318 1712 potiris¹
331 1634 425 1706 luitur,
446 1633 530 1710 quum
553 1635 688 1692 Milonisl
728 1633 866 1694 Praeclare
887 1636 964 1694 enim
987 1637 1090 1707 vixero,

136 1717 161 1772 si
176 1716 243 1789 quid
257 1713 327 1770 mihi
342 1713 475 1769 acciderit
488 1710 575 1786 priris,
589 1710 674 1786 qudm
690 1713 743 1770 hoe
756 1724 867 1770 tanturn
879 1714 946 1770 meli
959 1714 1063 1770 videro.

178 1791 267 1846 Nunc
280 1809 325 1846 me
347 1808 405 1844 nna
426 1790 580 1846 consolatio
605 1800 752 1859 sustentat,
766 1789 842 1864 qubd
866 1791 927 1860 tibi,
941 1789 979 1845 Τ.
1001 1791 1090 1860 Anni,

139 1867 251 1925 nullum
265 1885 281 1922 a
294 1885 340 1920 me
354 1865 464 1934 amoris,
478 1865 585 1922 nullum
598 1867 694 1937 studii,
708 1867 816 1924 nullum
833 1867 954 1942 pietatis,
967 1866 1090 1924 officium
1104 1875 1141 1931 πο

138 1945 235 2002 defuit.
287 1941 351 2018 Ego
378 1941 539 1998 inimicitias
564 1945 721 2017 potentium
747 1964 798 2019 pro
822 1955 851 2002 te
882 1944 1018 2020 appetivi:
1038 1961 1092 2019 ego

135 2039 231 2080 meum
243 2039 318 2094 saepe
330 2037 430 2093 corpus
439 2030 467 2076 ct
478 2019 561 2075 vitam
571 2021 664 2094 objeci
674 2022 759 2078 arinis
772 2021 950 2078 inimicorum
964 2033 1091 2080 tuorum:

136 2119 189 2175 ego
209 2117 255 2155 me
278 2096 406 2171 plurimis
428 2107 526 2170 prote
549 2097 704 2171 supplicem
728 2099 838 2173 abjeci:
859 2099 942 2168 bona,
967 2099 1093 2156 fortunas

136 2195 223 2246 meas,
238 2194 273 2232 ac
286 2174 438 2229 liberorum
457 2192 594 2242 meorum,
608 2173 638 2228 in
660 2177 888 2233 communionem
901 2186 1011 2230 tuorum
1024 2185 1094 2230 tern-

136 2271 236 2328 porum
251 2251 357 2308 contuli
370 2269 376 2304 :
391 2251 446 2306 hoc
460 2250 582 2322 denique
597 2250 657 2324 ipso
669 2252 726 2323 die,
736 2253 760 2310 si
774 2271 830 2327 qua
843 2252 884 2310 ris
897 2261 940 2308 est
952 2260 1058 2327 parata,
1068 2249 1092 2306 si
1106 2258 1144 2312 25

138 2349 195 2404 qua
218 2328 373 2384 deminutio
395 2327 496 2400 capitis
517 2325 620 2397 futura,
641 2328 771 2403 deposco.
799 2329 892 2390 'Quid
910 2329 968 2404 jam
989 2329 1093 2386 testati

137 2407 205 2482 quid
220 2405 319 2476 habeo,
331 2404 404 2478 quod
419 2404 523 2474 dicam,
535 2405 608 2477 quod
621 2405 732 2478 faciam,
743 2427 793 2482 pro
805 2408 861 2464 tuis
875 2408 905 2464 in
918 2425 964 2463 me
977 2407 1094 2477 meritis,

136 2484 194 2541 nisi
208 2493 241 2539 ut
253 2500 317 2538 eam
339 2482 487 2551 fortunam,
511 2500 688 2556 quecunque
712 2485 766 2541 erit
787 2496 845 2555 tua,
859 2485 961 2540 ducam
984 2484 1094 2540 meaml

138 2559 210 2617 Non
230 2576 341 2626 recuso,
355 2577 412 2614 non
434 2559 541 2615 abnuo:
563 2577 665 2633 vosque
686 2561 812 2630 obsecro,
823 2561 943 2634 judices,
957 2571 988 2616 ut
1004 2571 1096 2616 vestra

140 2633 292 2702 beneficia,
303 2651 364 2704 quae
380 2633 408 2687 in
422 2652 467 2688 me
480 2635 646 2705 contulistis,
657 2648 706 2692 aut
719 2637 843 2712 inhujus
856 2637 945 2693 salute
958 2636 1095 2710 augeatis,
1109 2641 1145 2695 30

139 2721 189 2770 eut
203 2711 234 2767 in
249 2709 377 2783 ejusdem
391 2709 475 2766 exitio
488 2729 622 2768 occasura
635 2731 699 2770 esse
713 2714 837 2772 uideatis.

131 2813 140 2821 ’
181 2785 343 2844 XXXVII.
383 2785 438 2842 His
447 2785 577 2862 lacrymis
588 2808 645 2846 non
656 2802 782 2848 movetur
792 2789 872 2849 Milo.
913 2790 965 2848 Est
977 2789 1097 2865 quodam

140 2863 302 2923 incredibili
316 2863 415 2922 robore
430 2863 535 2920 enimi:
556 2867 686 2922 exsilium
700 2867 739 2924 ibi
760 2887 823 2926 esse
836 2879 925 2944 putet,
939 2869 988 2924 ubi
1001 2865 1097 2924 virtuti

138 2962 198 3000 non
212 2942 248 2998 sit
262 2941 359 2997 locus:
380 2952 499 2997 mortem
512 2952 619 2998 nature
633 2943 718 3000 linem
737 2963 808 3014 esse,
823 2965 880 3003 non
892 2964 1013 3018 penem.
1054 2944 1099 2999 Sit

136 3021 186 3077 hic
200 3019 236 3076 ed
250 3028 356 3086 mente,
368 3015 427 3090 oud
440 3028 523 3072 natus
541 3030 599 3075 est:
619 3021 686 3093 quid
708 3039 765 3092 vos,
776 3021 963 3094 judiceslquo
984 3021 1098 3076 tandem
1112 3029 1148 3084 35

137 3098 235 3154 animo
248 3095 348 3152 eritisl
389 3091 556 3150 Memoriam
570 3093 686 3152 Milonis
706 3097 879 3166 retinebitis;
900 3097 991 3171 ipsum
1004 3095 1099 3168 ejicie-

137 3174 195 3228 tisl
216 3184 246 3229 et
267 3173 321 3228 erit
343 3169 455 3245 dignior
476 3169 555 3227 locus
570 3171 600 3228 in
621 3172 702 3228 terris
722 3173 806 3245 ullus,
819 3176 866 3249 qui
881 3175 956 3231 hanc
968 3174 1099 3230 virtutem

141 3247 276 3320 excipiat,
289 3245 375 3320 quani
388 3247 445 3316 hic,
459 3247 507 3321 qui
521 3250 697 3322 procreavitl
737 3251 806 3322 Vos,
817 3271 866 3308 vos
880 3251 997 3325 appello,
1011 3248 1101 3307 fortis-

142 3322 211 3379 simi
234 3323 296 3392 viri‚
316 3323 364 3396 qui
383 3323 502 3380 multum
522 3343 573 3399 pre
592 3325 736 3399 republied
757 3328 925 3402 sanguinem
944 3326 1100 3393 effudistis3

141 3418 205 3469 vos,
226 3397 257 3453 in
277 3398 330 3454 viri
351 3408 379 3454 et
398 3399 427 3455 in
447 3401 517 3457 civis
531 3401 629 3458 invicti
644 3402 751 3475 appello
763 3403 898 3478 periculo,
911 3402 1101 3472 centuriones,
1115 3410 1150 3462 to

139 3492 262 3548 sosque,
282 3474 399 3531 milites:
420 3477 498 3533 robis
518 3496 575 3534 non
596 3478 680 3533 modd
702 3478 933 3554 inspectantibus,
947 3480 997 3538 sed
1016 3479 1102 3535 etiam

139 3551 272 3622 armatis,
287 3561 316 3606 et
329 3552 395 3608 huic
415 3552 524 3626 judicio
537 3553 764 3628 presidentibus,
778 3557 840 3612 haec
860 3567 939 3614 tanta
959 3557 1047 3614 virttis
1066 3571 1102 3608 ex

139 3631 198 3690 hae
211 3628 286 3686 urbe
300 3627 473 3702 expelleturl
493 3629 747 3689 exterminabiturt
765 3632 948 3708 projicieturl
