2516 4204
161 315 219 376 Μ
385 315 520 368 cuano
536 315 606 366 PRO
622 315 654 365 Τ.
670 315 784 364 ΑΝΝΙΟ
799 315 947 367 MILONE.

247 457 302 516 IX.
335 457 543 529 Quamobrem,
565 457 687 532 judices,
701 453 903 531 utaliquando
926 455 963 512 ed
977 468 1084 514 causan
1099 455 1148 513 cri·

208 553 329 608 arcuque
343 535 507 603 veniamus5
528 535 552 592 ai
566 553 658 608 neque
671 533 764 591 omnis
783 534 923 591 consessio
936 533 1004 592 sacti
1023 543 1064 592 est
1075 533 1148 590 iumi-

207 621 280 680 tata;
302 630 395 686 neque
409 612 446 668 de
460 611 548 668 canet
566 613 719 686 quidquam
741 611 838 670 nostri
858 611 949 682 aliter,
967 630 1001 668 ac
1014 630 1063 668 nos
1081 609 1149 666 relle-

207 706 281 760 mtta,
296 708 313 746 a
326 699 426 746 senatu
444 687 604 764 judicatum
617 700 677 758 est;
699 699 728 746 et
740 689 810 746 lator
831 688 890 763 ipse
904 688 986 764 legia,
1007 685 1071 746 ciam
1089 696 1151 744 eset

173 768 192 820 5
209 767 399 824 controversia
413 765 491 822 nulla
515 766 591 838 facti,
602 766 674 840 juris
687 776 783 824 tamen
797 765 1033 840 disceptationem
1046 783 1101 822 esse
1113 782 1151 820 vo·

208 843 278 911 luit;
302 854 332 899 et
348 843 432 900 electi
445 843 567 916 jndices,
589 844 668 916 isque
685 843 851 918 prepositus
868 844 1029 917 quaestioni,
1044 843 1089 916 qui
1099 842 1151 896 hac

204 916 282 992 juste
307 919 503 991 sapienterque
524 919 678 992 disceptet;
700 920 838 993 reliquum
859 932 912 991 est,
930 919 1054 995 judices,
1072 929 1100 976 ut
1119 916 1152 974 ui·

132 1001 142 1034 ἰ
207 993 245 1050 bil
271 994 330 1068 jam
353 994 430 1050 aliud
448 1013 573 1067 querere
587 995 722 1066 debeatis,
742 997 809 1066 nisi,
831 1007 894 1054 uter
914 999 972 1054 utri
996 993 1152 1054 insidiasle

137 1073 138 1080 ’
209 1071 286 1128 cerit.
326 1071 415 1131 Quod
441 1067 498 1144 qud
525 1068 636 1128 facilins
662 1073 835 1146 argumentis
860 1075 1024 1148 perspicere
1048 1070 1152 1150 possitis,

159 1147 194 1204 to
209 1167 269 1206 rem
291 1160 400 1224 gestam
421 1147 587 1206 vobisdum
610 1149 730 1204 breviter
754 1168 873 1223 expono,
894 1169 1001 1224 quaeso,
1021 1151 1154 1226 diligenter
1200 1143 1202 1150 ⁴

209 1226 351 1282 attendite.

248 1300 280 1355 P.
297 1299 415 1356 Clodius
429 1297 496 1358 cdm
512 1301 655 1358 statuisset
667 1302 745 1358 omni
760 1301 867 1360 scelere
887 1302 918 1360 ia
932 1305 1056 1377 praetura
1069 1318 1155 1360 reram

207 1377 422 1451 rempublicam,
442 1375 605 1450 videretque
620 1379 659 1434 ita
679 1389 768 1436 tracta
780 1397 843 1435 esse
864 1380 981 1437 comitia
995 1401 1071 1438 anno
1088 1396 1157 1452 supe·

208 1453 291 1524 riore,
311 1463 342 1510 ut
362 1471 421 1510 non
438 1454 541 1511 multos
565 1473 679 1512 menses
699 1467 850 1530 preturam
869 1475 968 1532 gerere
988 1469 1099 1532 posset,
1117 1452 1157 1528 qui

162 1533 194 1588 ld
209 1549 267 1588 non
287 1531 401 1588 honoris
421 1531 539 1607 gradem
554 1543 704 1607 spectaret,
724 1544 756 1590 ut
769 1534 875 1604 catari,
889 1534 938 1590 sed
958 1545 987 1590 et
1001 1535 1034 1590 L.
1050 1533 1159 1591 Paulum

209 1609 346 1682 collegam
366 1609 491 1684 effugere
508 1609 598 1680 vellet,
619 1611 754 1684 singulari
774 1612 875 1668 virtute
896 1611 997 1680 civem,
1011 1622 1042 1666 et
1061 1624 1160 1666 annum

208 1684 350 1758 integrum
374 1686 410 1745 ad
437 1686 646 1742 dilacerandam
670 1687 872 1760 rempublicam
896 1696 1050 1758 quareret5
1072 1680 1162 1740 subitd

207 1760 319 1834 reliquit
339 1779 446 1819 annum
460 1782 553 1835 mum,
574 1781 660 1838 seque
674 1763 703 1820 iu
717 1781 822 1819 annum
843 1761 1001 1837 proximum
1013 1759 1162 1828 transtulit

208 1855 266 1894 nou
282 1836 329 1914 (ut
341 1839 386 1915 fit)
401 1841 539 1916 religione
553 1841 656 1916 aliqud,
677 1841 728 1898 sed
740 1851 772 1898 ut
785 1840 903 1896 haberet
917 1837 1006 1914 (quod
1019 1838 1081 1911 ipse
1092 1837 1162 1894 dice·
1225 1851 1226 1858 ¹

156 1917 193 1974 20
209 1914 281 1990 bat),
296 1917 331 1972 ad
352 1929 501 1990 praeturam
516 1921 682 1992 gerendam,
704 1919 760 1976 boc
774 1929 827 1988 est,
842 1917 877 1974 ad
897 1915 1078 1974 metiendam
1097 1931 1161 1971 rem·
1225 1935 1226 1960 ι

206 1991 359 2062 publicam,
372 1993 489 2064 plenum
504 2012 611 2050 annum
626 2006 709 2066 atque
723 1996 873 2068 integrum.

245 2063 423 2122 Occurrebat
443 2067 480 2136 ei,
495 2085 625 2124 mancam
646 2089 681 2125 ac
695 2071 816 2126 debilem
836 2081 987 2145 praeturam
1001 2092 1084 2130 suam
1098 2071 1161 2128 flatu*

205 2159 275 2216 nm,
296 2143 413 2210 consue
436 2142 560 2203 Milone:
582 2165 649 2204 eum
671 2143 754 2218 porra
775 2165 887 2206 summo
910 2167 1053 2208 consensu
1074 2144 1160 2220 populi

205 2212 332 2284 Romani
347 2222 495 2283 consulem
511 2217 573 2277 neri
586 2215 708 2275 videbat
748 2213 876 2276 Contulit
890 2237 920 2276 se
935 2221 971 2276 ad
984 2222 1047 2295 ejus
1059 2237 1162 2294 compe·

154 2308 190 2363 25
206 2305 312 2372 titores,
333 2303 383 2358 sed
398 2303 446 2370 ita,
459 2310 546 2357 totam
560 2307 592 2354 ut
612 2296 778 2371 petitionem
792 2297 853 2371 ipse
867 2297 953 2368 solus,
974 2299 1060 2356 etiam
1074 2296 1161 2356 inritis

205 2380 271 2448 illis,
285 2379 475 2451 gubernaret3
489 2386 548 2431 tota
560 2385 591 2430 ut
604 2374 720 2428 comitia
733 2373 792 2428 suis
807 2373 853 2446 (ut
865 2374 1027 2449 dictitabat)
1042 2373 1162 2433 humeris

205 2455 364 2512 sustineret.
404 2450 587 2510 convocabat
605 2448 715 2503 tribus:
734 2465 765 2502 se
787 2449 1002 2520 interponebat:
1023 2451 1185 2528 Gallium,

33 2521 34 2524 ¹
124 2523 152 2599 J„
177 2524 816 2604 aanonam,delactuperditissimorumcivium
827 2524 1032 2582 conscribebat.
1068 2527 1163 2587 Quan·

205 2622 236 2668 to
248 2609 295 2668 ille
309 2609 391 2686 plura
403 2606 550 2678 miscebat,
563 2615 644 2662 tanto
655 2603 705 2660 hic
718 2602 809 2679 magis
822 2602 853 2660 in
870 2602 932 2659 dies
945 2603 1162 2662 convalescebat

154 2683 190 2738 3⁰
206 2689 262 2748 Ubi
280 2689 351 2748 vidit
368 2689 452 2746 honio
473 2685 509 2744 ad
529 2702 614 2744 omne
635 2682 746 2740 facinus
765 2681 968 2758 paratissimus,
986 2681 1164 2738 fortissimum

206 2769 306 2838 uirum,
331 2765 562 2822 inimicissimum
578 2779 672 2829 suum,
695 2760 884 2816 certissimam
907 2759 1061 2830 considam,
1086 2757 1165 2830 idque

205 2829 344 2899 intellexit
357 2857 413 2894 non
427 2835 519 2893 solum
539 2836 726 2902 sermonibus,
741 2835 791 2888 sad
806 2835 890 2888 etiam
905 2835 1057 2908 suffragiis,
1070 2831 1163 2912 populi

206 2915 331 2972 Romani
345 2929 420 2985 saepe
434 2927 496 2965 esse
511 2909 701 2975 declaratum
715 2905 808 2980 paldm
823 2925 907 2980 agere
922 2911 1016 2982 caepit,
1030 2924 1061 2968 et
1070 2906 1162 2988 aperti

205 2991 310 3062 dicere,
323 2987 517 3048 occidendum
532 2984 678 3042 Milonem.
720 2981 824 3039 Servos
837 2994 962 3056 agrestes
982 2996 1011 3041 et
1025 2987 1163 3056 barbaros,

153 3063 192 3119 ⁴¹¹⁵
205 3069 309 3144 quibus
328 3063 555 3142 silvaspublicas
575 3061 761 3137 depopulatus
775 3070 844 3130 erat,
866 3058 1066 3134 Etruriamque
1087 3064 1165 3122 vexi·

205 3158 259 3218 rat,
273 3166 308 3203 ex
321 3143 478 3215 Apennino
491 3142 654 3208 deduxerat,
669 3156 738 3211 quos
750 3136 895 3192 videbatis
936 3135 998 3192 Res
1011 3150 1072 3194 erat
1085 3139 1166 3198 mini·

85 3255 89 3260 -
205 3222 255 3280 did
277 3222 413 3276 obscura:
434 3217 541 3272 etenim
562 3213 657 3289 palam
680 3213 836 3283 dictitabat,
860 3212 1038 3270 consulatum
1063 3213 1163 3276 Miloni

206 3297 278 3370 eripi
304 3313 362 3352 nou
388 3311 480 3370 posse,
507 3292 593 3348 uitam
620 3299 714 3366 posse:
755 3289 934 3365 Significavit
959 3291 1014 3348 ltoc
1035 3311 1111 3370 saepe
1137 3295 1163 3350 in

206 3383 322 3430 senmu:
344 3373 415 3432 dixit
433 3372 464 3429 in
481 3369 627 3427 maciem.
667 3367 837 3429 Quinetiam
859 3367 994 3440 Favonio,
1016 3371 1163 3430 fortissimo

156 3449 193 3506 ιθ
207 3452 277 3522 viro,
290 3452 428 3526 querenti
449 3469 485 3508 ex
499 3467 543 3519 eo,
563 3446 619 3522 qud
633 3465 684 3522 spe
705 3446 819 3518 fureret,
840 3445 949 3506 Milone
963 3448 1034 3520 viro,
1055 3465 1164 3524 respon·

207 3529 258 3600 dit,
279 3530 372 3586 triduo
386 3529 475 3600 illum,
498 3528 533 3585 ad
548 3543 690 3586 summum
709 3525 869 3601 quatriduo,
891 3527 1063 3600 periturum:
1083 3541 1163 3600 quant

207 3623 306 3664 rocem
319 3605 381 3678 ejus
394 3607 430 3660 ad
445 3607 523 3662 hunc
537 3603 579 3662 M.
593 3603 733 3662 Catonem
747 3604 841 3662 statim
855 3601 1000 3661 Favonius.
1012 3603 1118 3662 detulit.

246 3683 284 3740 X.
326 3679 454 3747 Interim,
465 3678 532 3735 cum
546 3681 633 3737 sciret
642 3681 760 3737 Clodius
775 3679 969 3754 (nequeenim
981 3676 1163 3736 eratdifficile

156 3751 1163 3894 >aas

262 3849 417 3894 caasa
544 3873 552 3900 ,
628 3849 762 3888 onresss
850 3849 986 3890 urrunsa
1120 3849 1137 3888 e
