2516 4204
383 271 624 324 onnnmmn.
642 255 841 328 ieronimi.
1092 283 1148 342 m

133 423 234 489 togato
255 425 321 470 ante
346 429 393 469 me
413 416 531 471 nemini.
572 415 605 471 L.
627 415 734 487 Cesar,
761 418 918 474 svuneulns
937 429 1014 490 tuus,
1041 421 1098 496 qut

133 493 274 560 oratione,
295 491 349 563 qud
369 492 540 560 constantii,
560 493 617 565 qud
638 493 772 566 gravitate
786 496 954 552 sententiam
975 496 1046 553 dixit
1065 497 1096 554 in

134 567 240 623 sororis
253 585 309 622 sue
324 567 423 635 virum,
438 568 569 622 vitricum
583 569 679 623 tuuml
721 569 809 625 Hune
822 581 851 626 tu
872 568 939 627 odm
952 583 1095 630 meterem

135 655 167 702 et
185 654 384 718 praeoeptorem
408 643 537 698 omnium
565 645 758 715 consiliorum,
779 647 918 720 totiusque
945 649 1020 718 rite,
1046 650 1095 706 ds·

101 751 109 762 ·
134 720 244 774 buisses
265 720 380 789 hebere,
400 719 491 776 vitrici
513 729 540 775 te
555 721 687 789 similem,
708 720 794 794 quim
807 723 949 793 avunculi,
963 741 1026 780 esse
1038 731 1129 783 med

134 795 219 851 luisti.
260 796 357 868 Hujus
383 813 437 869 ego
463 795 573 852 alienus
598 797 724 852 consiliis
745 799 843 854 eonsul
865 815 933 854 usus
952 817 1033 856 sum:
1054 811 1095 870 tu,

135 873 240 928 sororis
249 871 335 940 iilius,
346 873 445 944 ecquid
460 873 495 928 ed
508 891 574 928 eum
596 891 719 946 unquam
733 874 769 930 de
784 893 813 930 re
826 875 940 948 publiea
955 876 1095 932 retulistil

138 948 180 1002 At
193 949 229 1002 ad
250 965 319 1019 quos
341 948 442 1004 referti
481 948 529 1004 Dii
549 949 738 1006 immortales!
761 952 795 1006 nd
816 969 865 1007 eos
887 951 1006 1021 seilicet,
1027 969 1094 1026 quo·

137 1043 202 1079 rum
217 1025 297 1080 nobis
311 1025 395 1080 etiam
406 1025 467 1080 dies
480 1025 587 1081 natales
597 1026 733 1082 audiendi
746 1037 819 1082 sunt

177 1101 269 1156 Hodie
282 1119 341 1156 non
362 1102 511 1157 deseendit
532 1101 684 1158 Antonius.
726 1101 805 1158 Curi
845 1101 902 1159 Dat
923 1105 1049 1162 nstelitie
1062 1107 1093 1163 in
1109 1111 1143 1164 10

135 1178 229 1233 hortis.
270 1177 348 1232 Cuil
387 1176 542 1233 Neminem
556 1179 727 1234 nominabo:
747 1190 842 1252 putate
855 1192 914 1236 tum
925 1179 1092 1240 Phormioni

132 1253 229 1326 elicui,
243 1265 304 1310 tum
325 1254 478 1324 Gnathoni,
493 1267 554 1310 tum
576 1255 706 1312 Ballioni.
745 1253 774 1310 Ο
795 1256 947 1314 smditetem
969 1258 1092 1315 bominis

133 1329 318 1404 flagitiosam!
339 1350 357 1386 o
367 1331 580 1404 impudentiam,
591 1332 754 1404 nequitiem,
765 1333 921 1404 libidinem,
932 1353 992 1391 nou
1004 1335 1093 1392 lemn·

95 1430 99 1436 ·
132 1407 215 1462 dum!
257 1407 318 1476 Tu,
340 1405 407 1462 edm
430 1409 586 1481 prinoipem
610 1419 779 1477 senatorem,
793 1410 885 1466 eivem
910 1411 1091 1484 singularem,

133 1493 193 1538 tem
206 1484 394 1556 propinquum
407 1485 520 1554 habeas,
534 1485 569 1540 sd
582 1503 649 1540 eum
663 1485 699 1540 de
715 1502 745 1539 re
758 1485 873 1558 publied
896 1485 967 1540 nibil
988 1486 1091 1554 resers3
1108 1491 1142 1546 1⁵

133 1560 172 1616 ed
188 1579 237 1616 eos
250 1559 346 1628 refers,
359 1561 406 1632 qui
419 1561 535 1616 domum
548 1579 627 1616 suam
641 1561 748 1616 nullam
763 1561 876 1631 babent,
890 1571 967 1617 tuem
989 1563 1092 1618 exhau-

132 1637 232 1693 riuntl
280 1636 362 1691 Tuus
395 1637 525 1694 videlieet
557 1638 687 1694 salutaris
716 1637 887 1708 eonsuletus,
915 1638 1090 1712 perniciosus

131 1715 233 1770 meus!

163 1789 242 1844 ΝΠ.
283 1791 404 1861 Adeone
413 1793 549 1863 pudorem
560 1809 625 1846 enm
635 1791 772 1865 pudieitid
784 1791 941 1865 perdidisti,
952 1803 983 1856 ut
995 1795 1049 1848 boe
1059 1795 1090 1850 in

133 1885 171 1923 eo
184 1867 291 1940 templo
312 1865 407 1921 dicere
428 1885 513 1922 susus
526 1868 573 1935 sis,
589 1868 618 1923 in
640 1885 695 1940 qno
716 1885 770 1942 ego
791 1879 919 1924 senatum
941 1869 1029 1938 illum,
1043 1869 1089 1942 qui
1105 1877 1140 1931 m

131 1944 274 2018 quondam
289 1941 393 1999 florens
414 1944 474 1999 orbi
495 1954 630 2000 terrarum
652 1945 827 2017 presidebat,
841 1945 1038 2014 oonsulebnrn3
1059 1957 1090 2002 tu

130 2021 262 2077 homines
288 2020 493 2095 perditissimos
518 2039 585 2076 eum
610 2021 711 2094 gladiis
735 2021 901 2078 eolloelsut
941 2023 981 2079 At
1004 2023 1090 2080 etiarn
1128 2089 1131 2098 Ι

131 2117 216 2155 eusus
238 2117 270 2154 es
295 2096 376 2172 (quid
399 2108 494 2153 eutem
517 2109 570 2166 est,
594 2097 668 2169 quod
692 2109 722 2153 tu
744 2117 801 2155 non
824 2100 963 2173 uudeesl)
986 2099 1089 2155 olivum

130 2175 325 2249 Capitolinum
333 2175 442 2243 disere,
450 2191 496 2228 me
507 2173 757 2246 oonsule,plenum
769 2193 910 2231 servorum
922 2185 1090 2229 armatorum

131 2251 229 2307 fuisse.
269 2249 308 2305 Ut
322 2250 369 2304 illa
384 2248 496 2324 (oredo)
511 2249 618 2304 nelarie
639 2251 890 2308 senatis-consults
910 2250 1018 2320 fierent,
1033 2249 1089 2305 rim
1104 2259 1140 2314 π

131 2327 284 2384 efferebam
298 2325 417 2382 senatui.
459 2325 487 2380 0
501 2326 643 2396 miserum,
658 2329 716 2384 sive
735 2329 783 2384 ille
796 2327 846 2384 tibi
861 2339 928 2386 note
941 2345 998 2384 non
1013 2337 1089 2398 sunt,

130 2403 217 2482 (nihil
232 2404 309 2460 enim
325 2404 389 2460 boni
404 2401 492 2478 ndsti)
507 2404 566 2459 sive
587 2416 662 2475 sunt,
676 2406 724 2478 qui
749 2405 823 2480 apud
844 2406 914 2462 tules
936 2405 1008 2462 viros
1031 2415 1090 2461 tem

129 2483 311 2555 impudenter
338 2481 466 2554 loquare!
516 2480 594 2540 Quis
625 2482 702 2537 enim
729 2499 815 2556 eques
841 2481 999 2552 Romanus,
1026 2481 1090 2555 quis

130 2557 249 2632 (praeter
262 2559 305 2630 te)
324 2559 486 2613 adolescens
499 2558 612 2626 nobilis,
626 2559 689 2630 quis
708 2557 792 2614 ullius
805 2558 921 2625 ordinis,
934 2558 982 2629 qui
1006 2577 1036 2614 se
1050 2558 1090 2613 oi·

130 2654 196 2691 vem
211 2633 396 2702 meminisset,
410 2631 476 2689 cirin
490 2646 604 2690 senatus
626 2636 655 2690 in
675 2635 730 2690 hoo
749 2635 852 2708 templo
872 2643 955 2700 esset,
970 2633 999 2686 in
1017 2633 1090 2687 olivo
1104 2641 1140 2693 w

129 2711 296 2786 Capitolino
309 2729 367 2766 non
382 2710 452 2766 fuitl
471 2712 532 2784 quis
547 2730 650 2768 nomen
665 2729 723 2767 non
740 2711 836 2767 deditl
856 2725 1014 2783 quenquam
1034 2723 1090 2762 nee

129 2790 234 2844 soribae
256 2787 392 2856 sufficere,
407 2806 461 2843 nec
479 2789 581 2844 tabulae
602 2789 717 2844 nomine
735 2789 844 2844 illorum
865 2803 976 2860 oepere,
996 2795 1090 2859 potue-

130 2876 206 2922 runt.
247 2863 371 2934 Etenim,
394 2861 460 2920 edm
485 2866 615 2921 homines
636 2865 736 2920 nefarii
761 2865 796 2920 de
819 2863 915 2939 patrie
938 2861 1090 2938 perrieidio

128 2943 331 3000 confiterentur
347 2941 541 3015 (consciorum
557 2941 679 3011 indiciis,
693 2941 747 2996 sud
762 2959 857 3009 manu,
872 2959 940 2996 vooe
961 2939 1035 3013 pene*
1057 2940 1090 2996 li·

127 3031 250 3077 terarum
266 3019 386 3093 eoacti),
401 3037 432 3072 se
445 3017 552 3072 Urbem
570 3017 754 3086 inflammare,
768 3017 844 3071 cives
865 3015 1017 3082 trucidare,
1031 3033 1090 3070 ves-
1104 3025 1140 3078 35

125 3109 185 3154 tere
206 3098 330 3168 ltaliam,
353 3095 450 3150 delere
471 3093 683 3167 rempublicam,
706 3092 900 3160 consensisse3
921 3089 984 3164 quis
1007 3101 1090 3158 esset,

126 3175 176 3247 qui
197 3176 233 3228 ed
254 3174 375 3229 salutem
397 3189 578 3228 communem
598 3171 805 3226 defendendam
826 3187 883 3227 non
904 3166 1091 3224 exeitereturl

127 3251 284 3324 presertim
299 3247 365 3304 edm
376 3259 491 3304 senatus
504 3248 681 3323 populusque
690 3247 839 3302 Romanus
854 3245 1089 3315 beberetdueem,

128 3326 222 3400 qualis
236 3325 261 3379 si
274 3325 321 3396 qui
335 3343 412 3380 nuno
426 3336 509 3394 esset,
520 3325 572 3381 tibi
584 3324 670 3393 idem,
681 3323 754 3396 quod
769 3322 824 3376 illis
834 3321 948 3389 eooidit,
959 3323 1091 3397 eontigis·
1164 3340 1172 3352 ·

128 3415 181 3460 set.
225 3402 273 3456 Ad
288 3401 458 3474 sepulturam
471 3419 573 3476 eorpus
591 3401 683 3456 vitrioi
705 3399 750 3454 sui
773 3407 858 3470 negat
878 3415 894 3452 e
915 3413 960 3452 me
983 3397 1088 3455 dutum.
1105 3404 1140 3458 4⁰

127 3481 199 3540 Hoc¹
212 3474 279 3534 verb
294 3497 331 3533 ne
345 3478 375 3534 P.
391 3480 503 3551 quidem
526 3477 646 3534 Clodius
667 3475 737 3530 dixit
758 3490 898 3544 unquam:
918 3491 1011 3547 quem,
1025 3477 1091 3548 quis

123 3559 188 3632 jure
204 3556 233 3612 ei
249 3555 290 3610 sui
305 3555 445 3626 inimious,
460 3557 543 3612 doleo
557 3573 574 3609 e
587 3564 616 3608 te
628 3552 686 3625 jum
699 3550 833 3606 omnibus
845 3551 920 3608 vitiis
932 3569 995 3610 esse
1009 3569 1090 3624 supe·

125 3647 228 3692 retum.
271 3629 335 3691 Qut
349 3643 440 3688 sutem
454 3633 506 3688 tibi
524 3630 602 3686 venit
612 3629 641 3684 in
656 3637 790 3696 mentem,
803 3627 930 3702 redigere
943 3629 973 3684 in
988 3641 1091 3682 memo·

125 3713 196 3769 riam
209 3720 348 3780 nostram,
359 3719 386 3764 te
400 3709 477 3766 domi
491 3707 523 3763 P.
539 3704 654 3762 Lentuli
667 3721 731 3760 esse
745 3703 916 3764 educatumt
955 3704 1004 3753 An
1014 3705 1091 3743 vm·
