2542 4212
125 335 166 393 02
408 329 543 377 cusulo
559 328 629 377 PRO
644 329 682 376 Mc
699 327 907 379 MARCELLO.

177 469 341 544 tantumque
352 471 448 541 abest,
467 481 498 526 ut
513 470 634 544 aliquam
652 469 754 524 bonam
773 467 892 541 gratiam
911 457 982 524 mihi
1002 463 1130 538 quesisse

177 548 287 623 ridear,
300 559 332 604 ut
345 548 447 603 multas
461 547 546 602 etiam
568 545 734 614 simultates,
755 545 855 620 partim
869 545 1013 612 obscuras,
1035 542 1131 618 partim

177 637 298 698 apertas,
313 623 478 698 intelligam,
492 623 562 679 mihi
576 641 633 676 non
648 621 832 690 necessarias,
850 620 929 675 vobis
942 638 999 675 non
1014 617 1131 688 inutiles,

179 701 344 776 suscepisse.
387 700 444 755 Sed
465 719 518 773 ego
532 707 587 769 me,
609 699 663 754 hoc
678 699 782 754 honore
802 697 960 771 preditum,
974 695 1060 751 tantis
1080 695 1133 750 ves·

145 785 163 837 5
179 777 230 834 tris
245 777 391 833 beneliciis
404 773 546 845 affectum,
561 776 655 845 statui,
668 774 808 844 Quirites,
822 784 942 829 vestram
955 771 1132 842 voluntatem,

180 866 217 912 et·
233 854 396 926 reipublice
420 853 598 925 dignitatem,
625 863 653 906 et
677 851 809 907 salutem·
824 849 1031 924 provinciarum
1056 858 1133 921 atque

179 929 330 999 sociorum,
354 928 425 984 meis
446 927 579 983 omnibus
600 927 755 982 commodis
779 937 808 1002 et
830 925 985 983 rationibus
1007 923 1133 1000 prael'enc

177 1015 312 1080 oportere.
700 1029 703 1035 ·

475 1217 841 1226 w

489 1388 492 1392 ·
547 1381 771 1462 ORATIO

320 1587 449 1682 ruo
497 1588 561 1658 M.
601 1588 997 1660 MARCELLO.

543 1783 775 1794 ——-—-·

219 1924 243 1980 1.
297 1923 452 1979 Dru‘runnr
473 1918 588 1990 silehtii,
610 1921 708 1980 Patres
730 1921 900 1994 conscripti,
921 1939 976 1994 quo
989 1938 1066 1975 eram
1093 1919 1139 1978 liis

131 2012 165 2065 10
179 1983 349 2071 temporibus
358 2014 505 2063 usus,non
519 1997 618 2049 timore
630 1997 733 2066 aliquo,
745 1993 906 2068 sed'partim
918 1997 1021 2066 dolore,
1035 1997 1138 2070 partim

179 2071 359 2140 verecundia,
373 2071 458 2126 linem
479 2069 631 2124 hodiernus
649 2070 711 2124 dies
732 2071 840 2138 attulit;
862 2071 993 2146 idemque
1014 2073 1138 2147 initium,

178 2169 240 2224 quae
260 2148 370 2218 vellem,
388 2163 505 2220 quaeque
526 2145 670 2217 sentirem,
691 2165 756 2202 meo
776 2147 895 2221 pristino
914 2167 991 2206 more
1012 2151 1137 2207 dicendi.

178 2227 303 2284 Tantam
316 2226 394 2282 enim
407 2222 665 2294 mansuetudinem,
680 2234 737 2280 tam
751 2224 913 2300 inusitatam
927 2227 1140 2301 inauditamque
1170 2219 1173 2225 ’
1266 2253 1267 2286 l

179 2303 367 2371 clementiam,
379 2311 499 2369 tantum,
510 2300 539 2355 in
555 2302 666 2356 summa
680 2313 824 2376 potestate,
836 2322 929 2358 rerum
939 2305 1066 2361 omniurn
1079 2323 1141 2362 mo-

132 2399 164 2450 15
178 2381 256 2448 dum,
270 2389 326 2434 tarn
341 2378 462 2449 denique
477 2377 671 2434 incredibilem
682 2379 847 2451 sapientiam
862 2399 897 2435 ac
909 2378 983 2452 pene
1003 2383 1140 2454 divinam,

178 2456 280 2512 tacitus
301 2453 377 2509 nullo
398 2453 480 2508 modo
503 2451 646 2526 praete'rire
669 2473 790 2528 possum.
844 2453 884 2510 M.
900 2457 977 2511 enim
1001 2455 1142 2514 Marcello

178 2533 265 2603 robis,
281 2531 378 2587 Patres
392 2529 563 2604 Conscripti,
578 2531 674 2605 reique
695 2532 815 2606 publice
836 2533 955 2605 reddito,
969 2551 1027 2590 non
1045 2529 1141 2590 solum

179 2609 263 2681 illius,
279 2609 328 2666 sed
342 2627 438 2688 'meam
452 2608 537 2664 otiam
552 2626 649 2665 vocem
663 2622 691 2666 et
705 2611 908 2682 auctoritatem,
918 2621 947 2667 et
957 2611 1035 2675 vobis
1045 2621 1074 2667 et
1086 2611 1142 2667 rei·

180 2687 300 2764 publicae
317 2695 511 2744 conservatam
526 2705 560 2742 ac
573 2688 729 2744 restitutam
750 2699 826 2763 puto.
870 2747 881 2764 ,

128 2780 164 2833 20
219 2760 357 2844 polebam
377 2764 464 2831 enirn,
476 2763 572 2818 Patres
586 2764 757 2836 Conscripti,
769 2777 797 2820 et
810 2767 989 2824 veliementer
1004 2765 1140 2840 angebar,

180 2839 248 2896 crim
262 2840 394 2903 viderem,
409 2838 499 2890 virum
512 2836 606 2903 talem,
622 2837 652 2890 in
666 2839 767 2892 eudem
781 2841 867 2893 causd
882 2841 911 2893 in
925 2843 980 2910 qud
998 2861 1052 2914 ego
1074 2841 1143 2898 fuis·

180 2933 250 2981 sem,
259 2918 315 2967 no'n
324 2911 353 2965 in
364 2911 464 2964 eadem
474 2927 536 2964 esse
545 2910 671 2965 fortuna:
686 2929 740 2966 nec
750 2913 818 2974 mihi
827 2916 995 2986 persuadere
1003 2927 1143 2990 poteram,

179 3007 234 3044 nec
243 2989 284 3043 fas
292 3005 353 3043 esse
362 2985 510 3055 ducebam,
522 2987 625 3041 versari
634 3005 679 3042 me
690 2987 720 3042 in
730 2998 823 3046 nostro
831 2990 918 3046 veteri
929 2990 1079 3060 curriculo,
1089 2991 1143 3049 illo

180 3065 283 3122 aemulo
297 3076 379 3137 atque
393 3062 531 3118 imitatore
546 3063 700 3137 studiorum
714 3083 747 3120 ac
763 3065 890 3122 laborum
908 3084 1044 3135 meorum,
1057 3068 1144 3140 quasi

114 3163 116 3168 ’
129 3158 165 3218 25
180 3145 301 3217 quodam
314 3141 390 3194 socio
405 3157 421 3192 a
434 3157 479 3192 me
493 3150 521 3194 et
534 3140 647 3209 comite,
661 3133 801 3197 distracto.
843 3142 919 3216 Ergo
932 3153 961 3198 et
974 3143 1044 3198 mihi
1065 3162 1143 3200 meas

179 3219 305 3292 pristine
320 3215 384 3269 vite
405 3213 651 3284 consuetudinem,
672 3216 706 3271 C.
724 3216 829 3288 Caesar,
845 3218 1027 3274 interclusam
1040 3239 1144 3294 aperu-

179 3293 243 3360 isti;
265 3301 294 3348 et
308 3291 351 3346 his
364 3289 506 3359 omnibus,
521 3291 557 3346 ad
572 3289 645 3346 bend
660 3293 696 3349 de
709 3287 788 3350 omni
799 3295 945 3369 republicd
955 3297 1141 3370 sperandum,

180 3369 259 3443 quasi
274 3369 386 3444 signum
401 3366 511 3444 aliquod
530 3367 674 3424 sustulisti.
715 3367 895 3428 Intellectum
909 3383 952 3429 est
965 3373 1053 3442 enim,
1067 3373 1141 3430 mihi

180 3447 293 3521 quidem
309 3447 338 3502 in
352 3445 457 3515 multis,
470 3455 499 3501 et
511 3442 633 3502 maxime
648 3446 678 3502 in
693 3465 738 3502 me
752 3448 821 3521 ipso,
836 3449 885 3505 sed
903 3447 988 3524 pauld
1002 3447 1068 3506 antd
1079 3467 1142 3505 om·

130 3531 166 3585 30
181 3525 275 3593 nibus,
290 3520 357 3580 cum
371 3521 412 3594 M.
435 3521 603 3579 Marcellum
617 3524 727 3580 senatui
741 3526 898 3599 populoque
914 3526 1049 3590 ¹Romano
1070 3542 1142 3580 con·

100 3667 108 3682 .
181 3600 299 3668 cessisti,
314 3600 538 3654 commemoratis
547 3601 702 3672 praesertim
716 3601 931 3671 offensionibus,
945 3611 974 3658 te
987 3600 1143 3658 auctorita·

181 3689 238 3736 tem
247 3675 330 3748 hujus
338 3673 455 3739 ordinis,
463 3674 684 3750 dignitatemque
692 3677 864 3759 reipublice,
875 3677 931 3733 tuis
938 3677 981 3736 vel
993 3677 1143 3735 doloribus

181 3755 224 3832 rel
239 3748 448 3827 suspicionibus
462 3750 609 3822 anteferre.
