2516 4204
140 323 196 384 114
382 317 516 368 onemo
533 317 602 369 PRO
619 319 652 369 Τ.
667 318 782 374 annm
797 317 948 370 Minoae.

186 474 263 520 turm
277 460 348 518 invi
369 461 534 529 inferendd;
555 461 639 535 hnjur
659 459 769 518 tantirm
783 462 813 518 in
826 457 1011 534 repellendi:
1029 467 1146 516 mortem
1243 433 1244 438 ἵ

186 540 222 595 ab
236 538 285 594 illo
304 539 500 594 denuntiatam
521 537 624 594 Miloni
644 551 673 594 et
692 539 855 612 praedictam
874 534 987 610 paldm;
1009 535 1081 600 nihil
1091 555 1145 592 nn·

185 633 271 688 quam
281 616 409 670 auditum
420 635 456 671 ex
465 614 588 671 Milone:
608 615 790 688 profectionis
799 614 884 687 hujus
894 613 971 668 diem
981 612 1023 668 illi
1032 623 1145 680 notum

185 692 308 748 reditum
322 692 396 748 illius
410 692 479 748 huic
498 692 625 764 ignotum
639 691 742 746 luisse:
764 689 849 764 hujus
869 689 921 745 iter
936 689 1146 757 necessarium
1243 695 1244 758 j

151 783 169 834 5
187 768 264 824 illius
276 770 362 825 etiam
381 765 475 842 potiris
488 769 629 824 alienum:
650 769 727 823 hunc
746 786 804 840 prae
825 785 855 822 se
869 765 978 836 tulisse,
991 767 1026 822 se'
1037 765 1084 822 illo
1098 765 1147 822 die
1243 787 1244 790 ¹

186 845 283 902 Romri
304 847 460 910 exiturum;
481 845 560 898 illum
580 863 615 900 eo
635 845 681 900 die
702 864 732 900 sc
753 842 948 900 dissimrntsse
967 843 1146 898 rediturum:
1243 867 1244 900 ι

186 921 264 975 huuc
277 920 382 975 nullius
400 920 441 974 rei
461 920 586 975 mutasse
600 921 768 986 consilium;
789 920 869 975 illum
884 937 998 976 causam
1018 919 1143 975 mutandi
1243 919 1244 982 l

185 996 296 1051 consilii
316 995 446 1050 finxisse:
467 995 544 1064 huic,
558 996 582 1050 si
602 994 793 1066 insidiaretur,
807 1007 920 1052 noctem
939 1014 1026 1070 prope
1039 995 1144 1052 Urbem

186 1073 422 1147 exspectandam
443 1071 494 1142 illi,
507 1073 591 1128 etiam
606 1072 630 1128 si
644 1073 721 1128 hunc
735 1092 792 1129 non
807 1073 928 1144 timeret,
942 1084 1038 1156 tamen
1052 1091 1146 1130 acces-
1243 1095 1244 1140 fi

137 1165 171 1218 10
187 1168 250 1205 sum
264 1150 299 1205 ad
313 1149 418 1205 Urbem
433 1159 603 1205 nocturnum
617 1149 704 1206 lirisse
717 1151 911 1206 metuendum.

225 1225 294 1280 XX.
335 1225 488 1280 Videamus
501 1244 590 1294 nunc,
606 1226 659 1299 (id,
673 1228 748 1299 quod
762 1237 848 1300 capnt
860 1225 916 1302 est)
930 1227 1011 1283 locus
1031 1227 1067 1283 ad
1079 1227 1146 1283 insi·
1243 1217 1244 1222 ¹

186 1300 247 1354 dias
266 1300 313 1355 ille
327 1301 397 1374 ipse,
412 1301 462 1356 ubi
480 1302 627 1375 congressi
641 1314 717 1373 sunt,
732 1304 787 1359 utri
807 1304 923 1359 tandem
945 1304 1029 1360 fuerit
1049 1303 1145 1378 aptior.

185 1373 221 1430 Id
241 1373 318 1445 verd,
336 1377 457 1450 judices,
471 1378 557 1434 etiam
578 1379 766 1436 dubitandum
787 1391 816 1436 et
835 1377 944 1436 diutins
963 1381 1146 1455 cogitandum

187 1454 250 1509 cstl
290 1454 367 1510 Ante
388 1453 508 1510 fundum
528 1455 633 1526 Clodii,
648 1454 719 1530 (quo
736 1457 766 1513 in
787 1457 886 1528 fundo,
899 1467 1012 1530 propter
1032 1457 1148 1512 insanas

138 1550 172 1602 15
189 1529 251 1588 illas
263 1531 493 1602 substructiones,
508 1529 591 1588 facile
605 1533 681 1589 mille
696 1535 842 1590 homiuum
860 1534 1041 1589 versabantur
1055 1531 1148 1588 valen·

188 1606 274 1682 tium)
289 1609 365 1664 edito
379 1609 528 1664 adversarii
543 1622 625 1682 atque
639 1611 753 1667 excelso
764 1612 828 1667 loco
848 1609 1019 1681 superiorem
1040 1627 1072 1664 se
1087 1608 1149 1665 fore

186 1684 303 1755 putabat
318 1683 406 1752 Milo;
427 1695 456 1740 et
469 1685 505 1740 ob
518 1704 581 1740 eam
592 1704 651 1739 rem
665 1705 730 1740 eum
741 1687 833 1742 locum
848 1685 882 1738 ad
895 1701 1020 1755 pugnam
1034 1685 1150 1756 potissi·

188 1755 268 1814 mirm
283 1760 432 1835 elegeratl
453 1781 489 1816 un
503 1761 533 1816 in
554 1780 588 1818 oo
602 1761 663 1817 loeo
681 1772 724 1817 est
743 1758 837 1835 potiris
850 1758 1080 1832 exspectatusab
1100 1777 1150 1833 eo,
1237 1819 1241 1828 ,

188 1835 247 1908 qui,
258 1835 346 1909 ipsius
357 1837 411 1893 loci
425 1857 485 1910 spe,
493 1839 589 1892 lacere
599 1838 736 1910 impetum
745 1835 899 1910 cogithratl
938 1832 1001 1890 Res
1012 1833 1149 1908 loquitur,

136 1920 173 1974 20
186 1911 307 1984 judices,
319 1911 395 1986 ipsa;
416 1932 479 1984 quae
490 1932 599 1986 semper
613 1913 686 1968 valet
698 1910 859 1986 plurimum.
899 1903 1004 1966 Si'haec
1017 1930 1074 1990 non
1085 1931 1147 1986 ges·

188 1997 217 2041 tn
231 1989 374 2054 audiretis,
388 1988 436 2040 scd
451 1989 528 2057 picta
542 1989 674 2042 videretis
682 2007 691 2052 ‚·
712 1999 806 2042 tamen
822 1997 977 2061 appareret,
996 1998 1059 2044 uter
1073 1999 1147 2046 esset

188 2060 343 2129 insidiator,
356 2071 418 2115 uter
438 2059 509 2116 nihil
531 2063 668 2132 cogitaret
686 2063 764 2131 mali,
779 2060 845 2118 cirm
867 2063 935 2118 alter
956 2065 1102 2124 veheretur
1115 2065 1144 2120 in

187 2135 275 2191 rheda
288 2136 455 2210 paenulatus,
466 2135 525 2190 unii
539 2137 651 2192 sederet
664 2155 742 2192 uxor.
782 2137 864 2197 Quid
876 2139 979 2206 horum
993 2160 1052 2198 non
1062 2143 1146 2215 impe·

188 2212 375 2280 ditissimuml
397 2213 522 2284 vestitus,
534 2232 570 2268 an
586 2214 759 2286 vehiculum,
773 2233 810 2272 an
824 2217 940 2272 comesl
961 2219 1029 2291 quid
1052 2215 1146 2274 mimis

137 2302 172 2356 25
187 2302 346 2364 promptum
361 2292 396 2346 ad
417 2309 551 2382 pugnam,
566 2287 633 2346 clim
647 2292 761 2365 paenulri
782 2293 916 2365 irretitus,
929 2295 1019 2351 rheda
1032 2295 1146 2370 impedi·

188 2376 242 2433 tus,
256 2384 342 2420 uxore
355 2383 428 2438 pene
450 2367 628 2434 constrictus,
643 2371 738 2422 esset?
779 2369 881 2424 Videte
895 2389 973 2426 nunc
991 2371 1081 2442 illum,
1093 2371 1146 2446 pri·

187 2437 266 2494 mrim
277 2441 469 2513 egredientem
480 2459 497 2496 e
510 2441 585 2510 villri,
596 2439 707 2496 subito:
729 2444 800 2497 curl
821 2445 947 2517 vesperi:
968 2447 1036 2517 quid
1050 2466 1147 2504 neces-

188 2535 218 2572 se
231 2517 293 2572 estl
303 2513 411 2578 tarde:
431 2515 479 2591 qui
493 2517 637 2589 convenit,
648 2519 676 2574 id
687 2519 842 2594 presertim
853 2521 986 2594 temporis
996 2522 1008 2576 l
1048 2521 1147 2581 Diver-

187 2593 222 2650 tit
242 2594 272 2650 in
298 2594 391 2652 villam
418 2595 554 2672 Pompeii.
595 2595 763 2672 Pompeium
788 2607 819 2654 ut
841 2597 966 2654 videretl
988 2599 1096 2657 sciebat
1118 2602 1146 2658 in

137 2686 172 2740 30
189 2671 316 2730 Alsiensi
337 2693 416 2744 esse;
437 2675 531 2732 villam
551 2684 584 2732 ut
602 2676 796 2752 perspiceretl
817 2675 920 2734 millies
940 2677 971 2734 in
992 2676 1028 2732 eri
1048 2677 1146 2732 riserat.
1229 2707 1232 2716 ι

187 2748 270 2809 Quid
283 2770 350 2824 ergo
363 2755 442 2808 eratl
463 2763 582 2809 morast
602 2753 810 2826 tergiversatio:
831 2754 899 2810 dum
918 2754 965 2810 hic
979 2754 1094 2826 veniret,
1106 2751 1148 2810 lo·

188 2843 253 2880 cum
269 2827 426 2894 relinquere
440 2828 538 2880 noluit.

225 2897 310 2950 XXI.
351 2897 414 2968 Age
430 2917 517 2967 nunc,
533 2899 585 2953 iter
595 2901 722 2971 'expediti
742 2897 858 2958 latronis
877 2921 944 2959 cum
965 2904 1083 2965 Milonis
1097 2909 1146 2966 im·

185 2969 355 3042 pedimentis
368 2984 535 3046 comparate.
577 2973 695 3048 Semper
716 2976 764 3032 ille
777 2987 860 3034 antea
873 2997 940 3035 cnm
961 3000 1064 3054 uxore;
1086 2997 1145 3043 tum

137 3063 171 3116 35
188 3045 251 3102 sine
271 3047 322 3104 eri:
343 3067 488 3122 nunquam
509 3071 566 3108 non
587 3051 617 3108 in
637 3052 742 3121 rhedd3
763 3064 823 3108 tum
847 3055 878 3112 in
899 3075 977 3130 equo.
1019 3059 1146 3120 Comites

187 3122 320 3194 Graeculi,
334 3123 503 3198 quocunque
525 3129 591 3198 ibat,
606 3129 691 3184 etiam
713 3127 779 3184 edm
794 3130 824 3184 in
845 3129 937 3186 castra
950 3132 1070 3192 Etrusca
1084 3159 1146 3212 pro·

187 3201 315 3273 perabat3
337 3208 396 3252 tum
418 3218 557 3273 nugarum
577 3205 606 3259 in
630 3205 772 3280 comitatu¹
785 3205 863 3261 nihil.
905 3206 986 3279 Milo,
1000 3214 1049 3284 qui
1073 3232 1146 3273 nun·

187 3290 280 3358 quam,
294 3283 354 3329 tum
368 3292 436 3331 casu
449 3294 551 3350 pueros
569 3281 784 3354 symphoniacos
797 3283 893 3340 uxoris
907 3285 1039 3359 ducebat,
1054 3301 1084 3348 et
1097 3312 1145 3350 an·

187 3347 314 3407 crllarum
329 3370 444 3428 greges:
465 3353 521 3426 ille,
532 3355 579 3430 qui
593 3374 701 3431 semper
713 3377 810 3417 secum
822 3373 923 3434 scorta,
934 3383 1044 3440 semper
1054 3370 1145 3426 exole-

138 3446 173 3506 4⁰
187 3434 240 3494 tos,
251 3445 361 3502 semper
375 3429 454 3506 lupas
467 3431 593 3506 duceret,
604 3445 663 3490 tum
674 3437 828 3510 neminem,
838 3439 895 3497 nisi
909 3451 940 3498 ut
952 3441 1043 3500 vimm
1054 3464 1071 3501 n
1084 3447 1144 3502 viro

187 3501 292 3592 lectum
304 3523 366 3560 esse
378 3507 493 3566 diceres.
534 3511 594 3569 Cur
608 3513 693 3588 igitur
704 3515 795 3572 victus
806 3518 867 3574 estl
887 3518 953 3591 quia
967 3538 1024 3577 non
1035 3539 1144 3596 semper

188 3590 275 3636 mator
287 3598 304 3635 a
317 3578 434 3652 latrone,
445 3605 646 3664 nonnunquam
660 3591 744 3648 etiam
755 3593 826 3650 latro
836 3611 853 3649 a
863 3593 978 3668 viatore,
989 3597 1144 3656 occiditur:

188 3656 262 3729 quia,
276 3673 436 3742 quaequam
449 3675 561 3729 paratus
582 3667 611 3722 in
632 3667 781 3740 imparatos
795 3669 921 3741 Clodius,
935 3681 1030 3731 tamen
1043 3674 1145 3732 mulier

189 3732 327 3790 inciderat
339 3747 370 3786 m
389 3747 469 3786 viros.
