2516 4204
393 289 532 367 onium
550 291 862 345 rrimamoumu.
1095 298 1152 362 167

121 442 246 490 oausam
259 446 324 487 esse
338 432 425 487 basto
438 432 572 503 cesaris,
587 433 673 490 aliam
690 435 873 493 confidentiae
885 447 916 494 et
934 439 1102 498 temmbatis

110 517 190 567 tue.
234 507 303 564 Non
318 508 396 563 enim
415 519 443 564 te
458 510 592 565 dominus
614 510 700 567 modo
722 512 777 568 iilis
798 514 924 584 sedibus,
937 515 988 571 sed
1008 517 1101 590 quiv'n

123 587 245 654 amiens,
262 586 382 654 ricinus,
398 587 510 660 hospes,
525 598 701 660 procurator,
716 589 833 645 aroebit.

164 662 246 718 XLI.
269 663 311 718 At
332 660 418 734 quam
433 663 537 718 multos
550 663 613 718 dies
627 665 657 720 in
670 666 707 720 ea
722 665 787 721 vina
801 667 963 741 turpissimd
977 677 1021 724 est
1039 687 1101 742 per·

122 741 300 796 bacchatus!
331 739 380 794 Ab
400 740 470 795 horti
484 740 569 795 tertia
583 740 742 812 bibebatur,
756 743 915 815 ludebatur,
929 744 1101 802 venabatur.
1121 751 1140 806 5

122 817 151 872 Ο
164 829 245 873 tenta
259 818 323 890 ipsa
336 816 458 872 misera!
493 813 622 876 “anm
636 818 741 892 dispari
754 820 871 877 domino
882 822 910 876 !'’
925 865 932 877 .
947 863 954 876 .
969 863 977 877 .
992 863 1000 877 .
1014 839 1103 895 quau·

123 911 212 966 quam
234 895 379 965 quomodo
403 893 455 948 iste
478 893 635 950 dominnsf
665 896 716 950 sed
740 906 835 952 nmen
849 895 936 970 quim
957 916 975 953 a
996 898 1101 972 dispari

125 971 320 1026 tenebantur!
361 969 527 1026 Studiorum
548 971 626 1026 enim
645 989 762 1028 suorum
776 972 817 1029 Μ.
832 973 925 1032 Varro
936 974 1025 1031 voluit
1037 993 1101 1032 esse

127 1048 209 1117 iilud,
225 1065 283 1102 rrorr
305 1047 468 1117 libidinum,
482 1048 676 1104 diversorium.
717 1047 794 1109 Quae
818 1050 848 1106 in
873 1052 922 1108 int
945 1049 1011 1107 vina
1034 1063 1101 1108 ante

126 1125 322 1180 dioebamurt
343 1141 406 1198 quae
426 1125 653 1198 eogitabanturf
675 1141 739 1198 que
760 1127 849 1184 literis
870 1127 1101 1184 mandabanrart
1117 1135 1151 1190 10

122 1203 187 1278 jura
207 1201 307 1277 populi
329 1201 468 1271 Romani,
484 1213 670 1258 monumenta
685 1203 833 1277 majorum,
847 1206 941 1262 omnis
952 1206 1100 1280 sapientie

125 1281 207 1350 ratio,
222 1281 376 1352 omnisque
390 1280 538 1336 doctrine.
581 1280 622 1336 At
635 1277 713 1349 verb,
728 1291 756 1336 te
772 1281 920 1355 inquilino,
935 1281 1100 1358 (nonenim

125 1357 257 1434 domino)
286 1358 481 1430 personabant
506 1357 605 1413 omnia
627 1357 744 1412 vocibus
769 1359 931 1415 ebriorum:
964 1360 1100 1416 natabant

125 1435 292 1508 pavimenta
315 1435 401 1489 vino:
433 1434 587 1489 madebant
611 1435 755 1508 parietes:
790 1435 907 1509 ingenui
929 1435 1010 1510 pueri
1033 1453 1100 1492 oum

126 1511 293 1580 meritoriis,
302 1521 396 1568 soorta
410 1510 484 1566 inter
498 1511 746 1582 matresfamilias,
755 1513 946 1568 versabantur.
980 1509 1101 1568 cimino
1116 1519 1150 1572 1⁵

125 1589 283 1644 salutatum
311 1587 473 1659 veniebant,
499 1588 625 1662 Aquino,
651 1588 825 1646 Interamna.
880 1589 1032 1645 Admissus
1057 1598 1102 1646 ert

124 1683 221 1723 nemo.
264 1663 337 1722 Jure
351 1665 380 1722 id
395 1667 528 1740 quidem:
550 1666 580 1721 in
601 1666 807 1724 homineenim
819 1665 980 1742 turpissimo
993 1665 1101 1723 obsole-

125 1745 197 1799 bant
210 1744 360 1816 dignitatis
373 1743 508 1817 insignia.

169 1818 258 1889 Ciam,
273 1821 341 1876 inde
362 1821 490 1876 Romam
510 1820 703 1893 proficisoens,
718 1822 754 1876 ad
774 1821 920 1894 Aquinum
941 1822 1099 1891 abcederet,

124 1896 243 1955 obvium
253 1897 281 1953 ei
295 1897 436 1971 prooessit
448 1895 494 1972 (ut
503 1907 548 1952 est
562 1897 693 1971 frequens
703 1898 905 1975 munieipium)
915 1916 1021 1974 magna
1030 1895 1099 1954 saud
1114 1903 1150 1958 w

123 1975 288 2032 multitudo,
331 1975 373 2030 At
393 1975 448 2030 iste
461 1975 561 2048 operia
582 1973 688 2031 leetiod
706 1976 779 2032 latus
793 1987 835 2032 est
848 1995 898 2051 per
910 1975 1054 2050 oppidum,
1068 1986 1100 2032 ut

122 2063 261 2109 moturus.
306 2049 401 2108 Stulte
417 2053 598 2126 Aquinates:
630 2053 681 2107 sed
701 2063 797 2108 tamen
817 2054 846 2110 in
861 2054 906 2110 vii
927 2053 1098 2110 habitabant

121 2131 206 2190 Quid
232 2130 408 2204 Anagnini?
436 2130 496 2202 qui,
519 2127 589 2184 anm
614 2141 710 2185 essent
733 2130 817 2200 devii,
838 2131 1054 2197 demandarint,
1068 2139 1100 2185 ut

28 2225 33 2233 ·
122 2205 788 2280 istum,tanquamsiessetoonsuhsalutarent.
822 2205 993 2262 Incredibile
1003 2204 1098 2271 dictu3

122 2293 224 2340 tamen
250 2285 325 2338 inter
348 2299 450 2338 omnes
471 2281 631 2352 constabat,
645 2283 789 2339 neminem
813 2301 875 2340 esse
898 2281 1098 2350 resalutaturn3
1113 2285 1149 2340 2⁵

119 2362 284 2438 presertim
299 2357 369 2417 edm
387 2361 463 2416 'duos
483 2377 583 2414 seeum
605 2359 776 2434 Anagninos
796 2361 920 2430 haberet,
936 2357 1099 2415 Mustefhm

119 2451 150 2497 et
175 2441 344 2506 Laoonem3
375 2455 498 2511 quorum
523 2435 593 2492 alter
617 2437 778 2510 gladiorum
800 2447 844 2494 est
865 2437 1005 2511 princeps,
1029 2435 1099 2492 after

120 2518 317 2592 poculorum.¹
337 2515 421 2574 Quid
434 2533 491 2587 ego
501 2513 661 2592 iifasistius
672 2513 765 2568 minas
774 2513 1014 2584 oontumeliasque
1024 2529 1100 2568 oom-

122 2609 295 2662 memorem,
309 2592 415 2664 quibus
428 2591 559 2646 inventus
572 2601 616 2646 est
630 2591 660 2645 in
675 2589 829 2657 Sidioinos,
843 2591 952 2644 vexarit
973 2588 1100 2642 Puteola·

120 2689 186 2741 nos,
202 2667 283 2744 quod
305 2669 349 2723 0:
363 2665 507 2737 Cassium,
521 2663 598 2739 quod
619 2667 735 2736 Brutos,
746 2676 878 2740 patronos
898 2663 1099 2736 ado‘ptdsssrrti
1113 2672 1149 2726 m

119 2765 233 2821 magno
246 2745 365 2819 quidem
376 2741 496 2818 judicio,
511 2744 614 2814 studio,
628 2742 839 2811 beneroientid,
849 2741 983 2807 caritate3
997 2755 1056 2794 nou
1069 2747 1101 2798 ut

119 2838 163 2897 te,
173 2835 206 2880 ut
220 2823 359 2892 Basilum,
369 2823 396 2878 vi
411 2832 441 2878 et
456 2821 592 2891 armis,et
602 2821 674 2876 alios
683 2820 767 2875 vestri
779 2818 894 2888 similes,
902 2835 972 2889 quos
981 2815 1100 2872 clientes

119 2921 210 2959 nemo
224 2903 331 2958 habere
346 2900 424 2970 vetit,
439 2917 500 2954 non
515 2895 602 2953 modi>
616 2915 679 2952 esse
693 2897 806 2952 illorum
820 2895 917 2950 eliens.

160 2979 261 3037 XLII.
285 2979 414 3048 Interea,
436 2977 514 3030 dum,
530 2984 565 3028 tu
584 2975 663 3043 abes,
683 2973 734 3046 qui
757 2970 818 3024 dies
838 2969 885 3022 ille
908 2969 1025 3040 oollegae
1047 2971 1099 3041 tui,

118 3055 189 3116 oiim
205 3057 287 3127 illud,
301 3054 381 3130 quod
395 3064 428 3108 tu
443 3049 576 3106 venerari
590 3049 711 3116 solebas,
725 3049 841 3101 bustum
862 3043 892 3098 in
912 3043 971 3098 foro
985 3045 1098 3100 evertit!
1113 3053 1149 3107 8⁵

117 3137 182 3208 qud·
191 3153 223 3190 re
235 3135 291 3190 'tibi
304 3129 452 3199 nuntiatb,
467 3125 514 3202 (ut
525 3125 761 3181 constabat'inter
771 3139 830 3189 eos,
841 3119 889 3191 qui
902 3118 960 3174 und
974 3117 1100 3196 uerunt)

120 3211 286 3266 coneidisti.
327 3209 412 3268 Quid
473 3203 569 3259 enerit
591 3207 704 3276 postea,
725 3196 832 3252 neseio.
884 3193 994 3250 Merum
1016 3195 1102 3254 oredo

120 3287 250 3342 valuisse
263 3297 293 3340 et
313 3288 400 3340 erma.
431 3299 436 3308 ·
490 3281 596 3352 tregam
617 3277 734 3350 quidem
747 3273 783 3326 de
797 3269 869 3326 ooelo
882 3267 1044 3338 detraxisti3
1063 3273 1104 3330 ef

120 3363 289 3434 fecistique,
303 3379 363 3416 non
377 3371 410 3415 tu
423 3358 543 3432 quidem
557 3354 646 3410 etiam
659 3366 749 3416 nuno,
764 3355 796 3400 ut
815 3343 851 3396 sit
871 3341 969 3396 similis
988 3345 1039 3414 tui,
1053 3350 1104 3404 sed

119 3437 218 3508 certe,
234 3448 266 3492 ut
279 3437 427 3494 diimilis
438 3443 520 3491 esset
533 3431 588 3486 sui.
629 3463 631 3470 ,
974 3493 979 3506 ¹
1117 3427 1153 3480 40

116 3531 120 3538 ·
161 3510 232 3576 Qui
246 3513 315 3570 verb
340 3513 451 3570 reditus
476 3509 546 3565 inde
572 3501 805 3566 Romanaque
827 3490 1000 3561 perturbatio
1021 3499 1106 3554 torius

116 3589 224 3652 urbis?
247 3589 480 3646 Memineramus
491 3585 620 3640 Cinnam
631 3574 716 3632 nimis
726 3574 881 3649 potentem,
892 3563 1000 3622 Sullam
1009 3582 1107 3642 postea

115 3672 326 3729 dominantem
338 3685 346 3734 ;
368 3662 456 3722 modo
471 3665 646 3733 regnantem
658 3648 804 3702 Cesaram
817 3637 984 3694 videramus.
1018 3643 1107 3692 Erant

116 3749 240 3806 fortasse
261 3743 366 3824 gfadir',
379 3741 434 3875 fid
448 3728 626 3798 abeoonditi,
640 3740 695 3779 neo
708 3720 749 3775 ita
761 3713 852 3772 multi.
893 3710 953 3762 Ista
965 3709 1031 3761 verb
1044 3723 1107 3773 quae
