2516 4204
324 283 458 335 enarro
474 282 543 333 rao
557 283 590 333 r.
606 283 720 334 mmo
734 285 881 336 maone.
1055 287 1125 347 ιω.

141 427 272 499 Etenim,
284 426 331 500 qui
351 425 388 482 de
410 425 456 482 rii
478 425 573 500 Appii
594 435 755 499 querantur,
768 435 881 484 taceant
900 426 936 484 de
958 427 1062 484 curiit

106 505 195 579 etqui
217 504 253 560 ab
265 521 299 559 eo
319 502 442 577 spirante
464 503 555 559 forum
575 513 676 634 putent
696 503 821 576 potuisse
842 503 964 575 delendi,
978 505 1061 580 cujus

108 601 164 640 non
186 580 317 638 restiterit
336 579 467 635 cadaveri
488 579 569 634 curia
635 577 776 652 Excitete,
797 581 917 637 excitate
937 599 1014 652 eum,
1035 581 1060 640 ei

107 659 229 735 potestis,
242 658 279 714 ab
296 656 401 713 inferis
443 654 592 729 Frangetis
612 655 747 729 impetum
761 655 825 726 viri,
841 658 922 732 cujus
942 659 989 716 rin
1002 675 1062 714 aua·

108 736 202 794 tinetis¹
215 734 302 790 furias
316 731 471 806 insepultil
490 732 546 788 nisi
568 728 636 788 verri
661 733 833 790 sustinuistis
855 751 912 804 eoa,
926 735 975 808 qui
995 741 1096 794 cumb

109 813 214 870 lacibus
236 811 272 866 ad
295 809 405 866 curiam
425 818 621 878 cucurrerunt,
640 826 705 864 cum
728 809 847 866 falcibus
870 811 906 866 ad
926 811 1061 884 Castoris,

110 907 174 946 cum
196 887 298 960 gladiis
321 896 379 942 toto
402 885 460 941 soro
483 885 642 940 voliurunr„
690 884 770 941 Oedi
795 886 904 944 vidistis
926 887 1061 964 populum

111 965 285 1032 Romanum,
300 962 466 1018 concionem
484 961 586 1036 gladiis
606 960 767 1032 disturbari,
781 959 849 1019 edm
869 963 1012 1021 audiretur
1025 965 1061 1021 ai·

111 1040 197 1098 lentio
210 1039 251 1095 M.
265 1039 381 1109 Cealius,
396 1039 525 1095 tribunus
545 1037 646 1112 plebis,
660 1037 700 1094 vir
720 1048 749 1094 et
770 1038 800 1094 in
820 1057 851 1096 re
872 1041 986 1114 publici
1010 1042 1062 1098 sor·

110 1118 242 1187 tissimus,
250 1126 280 1172 et
289 1116 320 1171 in
334 1115 466 1189 suscepti
480 1115 566 1171 carrad
580 1113 766 1184 firmissimus,
776 1125 805 1171 et
818 1116 953 1173 bonorum
968 1117 1063 1174 volun·
1079 1125 1113 1178 1⁰

110 1196 157 1252 nti
172 1204 202 1250 et
213 1192 371 1250 auctoritati
385 1191 501 1248 senatis
513 1191 635 1262 deditus,
648 1200 686 1260 et,
700 1190 730 1246 in
753 1192 806 1248 bac
820 1191 936 1250 Milonis
950 1195 1007 1251 sive
1020 1195 1063 1252 in·

109 1272 183 1328 vidia
197 1273 255 1328 sive
270 1270 384 1326 fortuni
397 1268 542 1343 singulari,
557 1267 653 1323 divini
667 1277 696 1322 et
710 1267 867 1326 incredibili
881 1270 944 1328 tide.

146 1347 290 1404 XXXIV.
331 1346 389 1402 Sed
400 1345 457 1419 jam
471 1345 539 1402 satis
559 1343 647 1400 multa
667 1344 703 1400 de
723 1345 829 1401 causi:
850 1357 928 1404 extra
948 1365 1062 1405 caueam
1083 1359 1105 1424 χ

109 1427 195 1482 etiam
208 1424 295 1480 nimia
307 1423 424 1478 fortasse
436 1422 534 1478 multa.
573 1419 655 1480 Quid
669 1431 762 1490 restat,
773 1422 828 1478 nisi
843 1433 874 1478 ut
882 1441 959 1480 orem
973 1426 1063 1480 obtes-

111 1513 208 1574 terque
221 1519 281 1569 ros,
289 1499 409 1572 judices,
420 1508 451 1554 ut
461 1517 524 1554 eam
534 1497 756 1554 misericordiam
770 1497 900 1555 tribuatis
913 1501 1064 1557 fortissimo
1081 1509 1115 1562 15

111 1579 181 1648 viro,
191 1594 276 1652 quarn
289 1575 349 1650 ipse
362 1594 419 1632 non
432 1575 561 1649 implorat
568 1593 576 1643 ;
596 1593 660 1648 ego,
671 1573 757 1630 etiam
771 1587 945 1650 repugnante
959 1578 1021 1648 hoc,
1035 1587 1064 1634 et

110 1655 239 1730 imploro,
253 1663 282 1710 et
303 1653 446 1727 exposcet
485 1650 592 1721 Nolite,
615 1651 649 1720 si,
671 1651 702 1706 in
723 1652 819 1708 nostro
838 1654 966 1710 omnium
986 1653 1063 1725 fletu,

109 1733 217 1788 nullam
242 1731 394 1803 lacrymam
418 1729 586 1803 adspexistis
611 1727 744 1796 Milonis;
774 1729 798 1784 ai
823 1729 931 1786 vultum
955 1749 1064 1806 semper

110 1804 250 1876 eundem,
260 1807 285 1861 si
298 1823 406 1875 rocem,
419 1806 444 1860 ai
464 1805 629 1876 orationem,
643 1804 772 1861 stabilem
794 1823 829 1862 ac
849 1823 908 1862 non
929 1817 1064 1863 mutatam

109 1884 224 1953 videtis,
239 1883 294 1938 hoo
315 1878 409 1938 minias
431 1881 457 1937 ei
478 1899 608 1955 parcere:
629 1892 711 1955 atque
734 1882 809 1938 haud
833 1883 903 1953 acio,
917 1901 953 1939 an
975 1880 1064 1940 multd
1080 1893 1117 1948 20

109 1963 196 2019 etiam
220 1960 260 2034 sit
289 1958 463 2033 adjuvandus
489 1958 587 2034 magia.
629 1957 754 2028 Etenim,
780 1960 815 2030 si,
836 1961 866 2016 in
893 1959 1065 2035 gladiatoriis

108 2039 222 2114 pugnis,
236 2037 309 2094 etin
324 2036 413 2092 intimi
427 2036 541 2112 generis
562 2035 709 2092 hominum
733 2037 895 2094 conditione
909 2049 991 2112 atque
1013 2039 1065 2094 lor·

108 2117 189 2187 tuni,
202 2116 318 2172 timidos
336 2124 365 2170 et
377 2113 529 2188 supplices,
542 2123 581 2182 et,
602 2122 635 2168 ut
654 2113 745 2168 virere
768 2113 862 2184 liceat,
875 2115 1064 2185 obsecrantes,

108 2194 194 2250 ειίιιιι
208 2192 302 2249 odisse
316 2190 454 2257 solemus;
474 2189 574 2258 sortes,
587 2197 617 2244 et
629 2188 780 2259 animosos,
790 2202 818 2246 et
831 2207 862 2246 se
876 2191 977 2245 acriter
990 2191 1066 2264 ipsos

109 2270 196 2325 morti
221 2268 381 2336 offerentes,
407 2283 517 2322 servare
545 2265 694 2339 cupimus3
719 2284 872 2340 eorumque
898 2283 950 2324 nos
975 2266 1066 2345 magis
1081 2279 1118 2332 525

108 2345 236 2415 miseret,
247 2345 295 2418 qui
308 2353 432 2400 nostram
445 2341 667 2398 misericordiam
680 2361 738 2398 non
753 2344 905 2416 requirunt,
919 2341 1004 2418 quim
1018 2343 1065 2417 qui

109 2424 187 2480 illam
210 2421 384 2496 efflagitant;
405 2429 511 2494 quanto
532 2420 588 2476 hoc
603 2419 701 2494 'magis
722 2419 752 2476 in
777 2419 934 2479 fortissimis
957 2421 1066 2479 civibus

109 2501 205 2556 iacere
220 2498 372 2554 debemus!
483 2517 486 2522 ·

152 2573 205 2630 Me
226 2575 350 2646 quidem,
363 2573 483 2645 judices,
497 2573 671 2628 exanimant·
682 2585 711 2630 et
730 2575 896 2632 interimunt
917 2577 960 2631 ha
983 2593 1066 2632 voces

110 2651 243 2720 Milonis,
258 2667 329 2722 quas
350 2647 434 2703 audio
456 2645 579 2716 assidue,
598 2658 627 2703 et
651 2649 749 2722 quibus
772 2653 908 2707 intersum
933 2652 1065 2723 quotidie.
1082 2647 1118 2705 ab

109 2733 129 2758 “
145 2728 280 2796 Valeant,
294 2724 433 2794 valeant,''
447 2723 547 2796 inquit,
560 2727 578 2754 “
589 2724 664 2781 cives
684 2727 753 2796 mei;
775 2728 899 2784 valeant:
921 2728 977 2784 rint
990 2727 1067 2783 inco-

109 2806 218 2874 lumes,
232 2803 290 2859 sint
303 2801 442 2872 florentes,
457 2801 514 2856 sint
528 2801 617 2857 beati:
637 2811 691 2859 stet
705 2805 767 2860 haec
780 2806 846 2861 urbs
859 2805 1002 2880 praeclara,
1016 2803 1068 2860 mi·

109 2881 199 2955 hique
222 2880 312 2956 petria
335 2878 490 2949 carissima,
511 2897 622 2952 quoquo
645 2881 730 2938 modo
753 2883 854 2938 merita
876 2883 912 2938 de
935 2901 981 2939 me
1005 2882 1066 2940 erit.

109 2958 281 3033 Tranquilli
294 2955 440 3031 republici
453 2955 531 3010 cives
544 2956 600 3011 mei
616 2954 761 3031 (quoniam
775 2957 844 3012 mihi
859 2975 925 3013 cum
939 2959 994 3014 illis
1008 2977 1066 3015 non

96 3035 191 3113 licet)
214 3037 276 3092 sine
299 3052 346 3090 me
370 3032 435 3106 ipsi,
457 3033 507 3087 sed
527 3050 578 3105 per
601 3049 647 3088 me
670 3042 776 3102 tamen,
801 3033 995 3106 perfruantur:
1015 3051 1068 3106 ego
1083 3041 1118 3094 35

108 3114 221 3183 cedam,
232 3123 315 3186 atque
329 3109 423 3167 abibo.
464 3108 497 3164 Si
510 3107 579 3164 mihi
593 3107 739 3182 republioi
753 3109 828 3165 bont
842 3109 896 3166 frui
909 3127 967 3166 non
981 3108 1068 3165 licue-

107 3189 159 3256 rit,
173 3199 202 3244 at
212 3189 315 3244 amabo
337 3186 429 3243 mali:
450 3194 489 3255 et,
503 3203 586 3259 quam
609 3185 730 3258 primam
744 3186 863 3260 tetigero
886 3187 959 3244 bene
980 3183 1077 3242 mora-¹

107 3275 172 3320 tam
194 3273 223 3319 et
243 3264 359 3319 liberam
381 3262 532 3330 civitatem,
546 3261 577 3316 in
596 3261 633 3316 ei
651 3261 858 3334 conquiescam.
898 3261 926 3316 Ο
949 3263 1067 3320 frustra”

110 3338 267 3415 (inquit)1“
283 3339 405 3414 suscepti
422 3338 478 3394 mei
500 3337 629 3394 labores!
650 3355 668 3394 o
690 3355 754 3410 spes
775 3338 907 3394 sallecesl
927 3357 945 3394 0
965 3339 1070 3412 cogita·
1116 3405 1120 3414 ⁴

106 3417 207 3474 tiones
231 3415 331 3472 inanes
353 3415 443 3471 merel
478 3413 550 3488 Ego,
564 3411 640 3483 edm,
659 3413 790 3468 tribunus
812 3413 910 3486 plebis,
924 3415 1068 3490 republici
1084 3423 1120 3477 to
1162 3467 1164 3472 .

105 3492 258 3570 oppressi,
269 3507 315 3548 me
325 3491 435 3548 senatui
443 3491 598 3560 dedissem,
609 3505 694 3564 quem
708 3489 877 3546 exstinctum
888 3509 1051 3568 acceperam
1061 3513 1068 3561 ;

106 3569 255 3646 equitibus
270 3569 417 3638 Romanis,
430 3585 551 3641 quorum
566 3567 639 3622 vires
657 3571 738 3620 eraut
755 3565 877 3636 debiles;
899 3569 981 3626 bonis
993 3569 1069 3636 viris,

104 3649 157 3721 qui
171 3665 290 3706 ornnem
312 3645 506 3712 auctoritatem
523 3640 676 3699 Clodianis
698 3641 784 3696 armis
803 3643 978 3718 abjecerant3
999 3642 1070 3694 mihi

105 3717 389 3800 unquambmrum
396 3718 565 3830 presidium
578 3717 739 3774 defuturum
752 3722 899 3792 putareml
919 3717 991 3784 Ego,
1003 3707 1069 3760 ⁰³³¹

349 3798 383 3856 ll
718 3823 719 3826 ¹
932 3807 958 3841 ⁴⁴
