2542 4212
170 332 211 390 43
236 325 238 328 ’
453 326 579 374 ORATIO
596 326 662 374 PRO
678 326 767 374 LEGE
783 323 945 374 MANILIA.

221 465 382 524 concidant.
435 466 535 527 Quare
545 467 650 538 videte,
664 486 733 524 num
747 467 933 524 dubitandum
946 455 1024 543 vobis
1044 450 1085 540 §ib
1097 459 1166 530 (ΜΠ)

220 543 314 600 studio
328 545 364 600 ed
378 543 407 599 id
422 544 717 614 bellum'incumbere,
728 545 758 600 in
771 563 827 618 quo
848 543 937 618 gloria
950 547 1072 596 nomlnls
1083 533 1166 609 vestrl,
1241 539 1242 580 l

220 620 297 676 salus
317 621 469 692 sociorum,
483 622 632 696 vectigalia
644 623 777 693 maxima,
792 621 909 678 fortunae
928 613 1106 694 plurimorum
1118 615 1167 655 ΟΝ·
1241 655 1242 672 r

221 697 290 767 ium,
304 715 371 754 cum
384 699 530 772 republica
544 699 739 755 defendantur.
1124 755 1129 767 ,
1241 757 1242 780 1

185 784 204 835 5
259 775 344 831 VIII.
384 775 531 836 Quoniam
547 777 582 833 de
595 795 700 850 genere
715 775 780 832 belli
800 775 867 846 dixi,
881 791 961 830 nunc
983 769 1019 825 de
1042 765 1167 842 magnitu-

219 852 288 908 dine
298 871 390 925 pauca
400 853 502 908 dicam.
534 853 632 909 Potest
642 853 719 908 enim
730 853 784 909 hoc
794 853 851 908 dici
863 872 869 908 :
890 851 959 908 belli
970 860 1060 922 genus
1070 853 1127 926 esse
1137 842 1169 888 M

217 929 418 998 necessarium,
427 939 459 983 ut
466 929 502 983 sit
512 929 678 1002 gerendum,
690 947 747 984 non
757 949 820 985 esse
829 931 868 985 ita
878 942 1024 1004 magnum,
1035 929 1067 976 ut
1076 924 1110 1010 {lt
1118 929 1169 986 Pes·
1241 969 1242 986 r

216 1003 431 1060 timescendum.
467 1003 502 1059 In
512 1023 568 1078 quo
578 1001 700 1060 maxime
712 1005 896 1061 laborandum
907 1017 963 1076 est,
973 1020 1009 1060 ne
1023 999 1090 1055 fortc
1104 1010 1119 1046 a
1132 1005 1168 1043 vo
1238 1071 1240 1078 γ

217 1079 270 1150 bis,
284 1099 347 1155 quae
368 1079 585 1156 diligentissime
605 1082 781 1156 providenda
794 1092 869 1154 sunt,
887 1074 1095 1140 contemnenda
1115 1081 1168 1124 esse
1241 1111 1242 1114 ,

167 1163 202 1216 10
217 1156 373 1214 videantur.
707 1221 710 1228 Ι
1128 1224 1133 1234 Ι

254 1235 359 1307 Atque,
384 1247 415 1291 ut
435 1255 534 1292 omnes
554 1229 723 1310 intelligant,
744 1255 790 1294 me
811 1237 982 1308 L.,Luoullo
1002 1241 1107 1293 tantum
1119 1239 1169 1313 ι1111·

190 1359 191 1362 ,
214 1309 311 1384 pertiri
325 1311 426 1381 laudis
440 1323 578 1385 quantum
593 1313 657 1369 forti
672 1315 741 1384 viro,
756 1325 784 1370 et
798 1315 1009 1388 sapientissimo
1023 1307 1136 1392 hemina
1146 1308 1171 1354 0²
1241 1359 1242 1362 ,

214 1402 319 1460 magno
342 1387 512 1462 imperatori,
532 1389 683 1459 debeatur;
705 1391 779 1462 dico,
797 1391 860 1466 ejus
884 1393 1018 1462 adventu,
1042 1393 1171 1444 maximas

215 1460 389 1525 Mithridatis
410 1467 505 1541 copias
526 1467 658 1523 omnibus
679 1468 764 1524 rebus
785 1479 899 1525 ornatas
921 1481 1005 1543 atque
1027 1466 1171 1523 instructas

166 1547 201 1600 15
216 1541 322 1612 fuisse3
344 1544 498 1619 urbemque
512 1545 590 1601 Asiae
604 1545 797 1617 clarissimam,
811 1547 946 1620 nobisque
968 1540 1171 1622 amicissimam,

215 1619 436 1693 Cyzicenorum,
450 1623 591 1678 obsessam
610 1642 672 1678 esse
687 1624 722 1678 ab
745 1625 805 1697 ipso
819 1643 887 1697 rege
911 1622 1034 1682 maximi
1056 1615 1173 1674 murmu-

213 1695 291 1765 dine‚
313 1707 342 1752 et
364 1706 554 1770 oppugnatam
581 1697 846 1765 vehementissime;
867 1717 952 1770 quam
979 1699 1012 1752 L.
1038 1688 1174 1774 Lucullus

214 1771 324 1843 virtute,
343 1773 516 1845 assiduitate,
536 1773 664 1844 consilio,
683 1775 801 1830 summis
824 1775 979 1831 obsidionis
1000 1767 1136 1848 periculis
1146 1765 1176 1818 lr-

214 1849 338 1908 beravit:
360 1852 509 1910 abeodem
523 1853 688 1928 imperatore
703 1852 822 1910 classem
835 1871 969 1927 maguam
984 1861 1013 1908 et
1036 1854 1173 1910 ornatam.

161 1933 200 1987 20
213 1947 286 2002 quae,
301 1929 424 1986 ducibus
446 1930 623 2001 Sertorianis,
638 1931 674 1986 ad
694 1929 806 1988 Italiam
826 1930 920 1987 studio
941 1929 1114 1986 inflammato
1135 1938 1174 1976 ra·

212 2015 334 2076 peretur,
349 2016 508 2078 superatam
530 2025 594 2060 esse
616 2017 699 2078 atque
722 2007 899 2078 depressam:
919 2023 1039 2079 magnas
1053 2000 1174 2057 hostium

212 2089 347 2152 praeterea
360 2081 457 2152 copias
479 2080 574 2136 multis
595 2081 700 2154 praeliis
721 2099 783 2136 esse
807 2081 929 2137 deletas:
950 2079 1174 2156 patefactumque

212 2155 314 2211 nostris
328 2156 486 2230 legionibus
500 2175 561 2212 esse
582 2155 713 2228 Pontum,
728 2157 776 2232 qui
791 2155 856 2214 ante
870 2158 974 2232 populo
994 2159 1128 2216 Romano
1142 2169 1175 2210 ex

212 2233 290 2290 omni
306 2233 384 2290 aditu
397 2234 509 2292 clausus
522 2245 598 2291 esset
607 2254 623 2294 :„
636 2235 763 2310 Sinopen
777 2246 859 2310 atque
873 2237 1005 2294 Amisum
1018 2236 1135 2314 (quibus
1146 2231 1174 2286 in

160 2315 197 2370 25
212 2311 323 2385 oppidis
332 2323 418 2368 erant
430 2312 575 2370 domicilia
588 2313 673 2387 regis,
687 2314 819 2370 omnibus
829 2315 914 2372 rebus
925 2327 1024 2372 ornata
1037 2325 1121 2387 atque
1134 2327 1175 2366 re-

211 2387 308 2463 ferta),
317 2399 488 2462 caeterasque
501 2392 586 2447 urbes
600 2390 682 2446 Ponti
697 2400 725 2446 et
745 2391 934 2465 Cappadociae
947 2393 1110 2465 permultas,
1119 2403 1175 2444 uno

209 2465 289 2521 aditu
303 2475 386 2539 atque
401 2467 523 2524 adventu
536 2486 599 2524 esse
613 2478 727 2542 captas:
747 2486 854 2542 regem,
866 2468 1012 2541 spoliatum
1027 2486 1117 2540 regno
1130 2483 1177 2538 pa·

208 2541 363 2618 trio-atque
382 2545 465 2616 avito,
487 2546 523 2602 ad
547 2545 616 2602 alios
641 2565 671 2602 se
695 2563 776 2620 reges
795 2555 876 2618 atque
901 2544 969 2600 alias
990 2555 1090 2619 gentes
1112 2560 1176 2615 sup-

209 2619 314 2694 plicem
330 2623 501 2681 contulisse:
522 2633 605 2698 atque
625 2624 687 2680 haeo
707 2623 812 2694 omnia,
830 2622 913 2678 salvis
930 2623 1025 2697 populi
1050 2617 1174 2678 Romani

159 2703 197 2758 30
212 2700 307 2773 sociis,
322 2712 405 2776 atque
427 2703 545 2780 integris
568 2702 762 2778 vectigalibus,
776 2720 839 2758 esse
859 2711 946 2778 gesta.
988 2701 1063 2758 Satis
1076 2698 1174 2772 opinor

211 2777 268 2834 hoc
281 2798 343 2835 esse
364 2781 473 2846 laudis;
496 2791 579 2850 atque
593 2781 641 2846 ita,
661 2779 801 2846 Quirites,
816 2790 847 2834 ut
866 2779 920 2834 boc
933 2797 982 2834 vos
1003 2776 1174 2852 intelligatis,

210 2872 228 2908 a
241 2855 319 2908 nullo
332 2855 458 2920 istorum,
467 2855 515 2924 qui
529 2854 597 2906 huic
609 2854 768 2907 obtrectant
780 2853 836 2923 legi
852 2863 1050 2924 atquecausae,
1065 2855 1098 2912 L.
1120 2853 1174 2910 Lu·
1241 2871 1242 2874 ’

210 2927 316 2982 cullum
330 2927 457 2982 similiter
471 2945 507 2982 ex
520 2927 574 2981 hoc
588 2926 650 2982 loco
663 2945 725 2980 esse
738 2925 890 2982 laudatum.
967 2960 971 2990 ;
987 2954 991 2966 ›

249 3001 304 3058 IX.
345 3001 518 3076 Requiretur
533 3002 648 3058 fortasse
662 3019 750 3070 nuno,
763 3003 1007 3074 quemadmodum,
1023 3001 1090 3060 oiim
1112 3008 1175 3064 haec

160 3089 196 3144 35
211 3080 251 3138 ita
263 3081 329 3151 sint,
344 3080 483 3153 reliquum
504 3080 592 3154 possit
612 3097 675 3134 esse
688 3097 823 3152 magnum
837 3079 950 3136 bellum.
991 3081 1174 3156 Cognoscite‚
1241 3073 1242 3150 l

209 3158 357 3219 Quirites:
378 3175 436 3211 non
450 3157 528 3212 enim
541 3157 594 3212 hoc
605 3155 666 3213 sine
678 3155 764 3211 causa
774 3157 861 3228 quaeri
875 3157 993 3213 videtur.
1033 3158 1173 3234 Primbm,

210 3254 246 3291 ex
259 3252 311 3289 suo
330 3249 418 3305 regno
439 3232 480 3287 sic
502 3229 681 3288 Mithridates
701 3232 832 3306 profugit,
847 3243 878 3288 ut
901 3253 936 3290 ex
958 3235 1058 3291 eodem
1081 3235 1173 3296 Ponto

210 3309 314 3366 Medea
328 3309 376 3366 illa
393 3309 533 3384 quondam
546 3309 703 3383 profugisse
718 3309 840 3378 dicitur3
862 3330 947 3384 quam
960 3313 1125 3387 praedicant,
1141 3318 1170 3372 in

210 3387 288 3462 fugi,
303 3388 394 3445 fratris
408 3387 451 3444 sui
465 3386 592 3443 membra
605 3387 635 3442 in
649 3387 684 3444 iis
699 3387 778 3458 locis,
793 3388 849 3461 qui
864 3407 894 3445 se
907 3407 1009 3464 parens
1022 3409 1171 3465 perseque-
1241 3461 1242 3464 Ἴ

160 3475 195 3530 to
209 3475 296 3537 retur,
317 3466 505 3541 dissipavisse,
526 3475 557 3522 ut
579 3483 678 3522 eorum
702 3465 832 3523 collectio
857 3467 991 3541 dispersa,
1013 3485 1171 3542 maerorque

209 3544 324 3618 patrius,
335 3543 507 3600 celeritatem
519 3543 707 3618 persequendi
722 3545 883 3600 retardaret.
916 3545 965 3605 Sic
980 3542 1168 3618 Mithridates,

156 3663 158 3668 -
209 3621 331 3696 fugiens,
342 3620 493 3676 maximam
504 3621 560 3676 vim
572 3621 633 3678 auri
644 3631 727 3694 atque
738 3620 1169 3696 argentipulcherrimarumque

209 3716 304 3756 rerum
316 3695 453 3764 omnium,
467 3713 537 3766 quas
550 3708 579 3753 et
593 3716 610 3752 a
623 3698 775 3770 majoribus
790 3706 948 3769 acceperat,
962 3707 991 3753 et
1010 3699 1079 3770 ipse,
1095 3698 1168 3758 bello

210 3774 354 3850 superiore
364 3789 400 3827 ex
409 3771 468 3826 tott
481 3771 553 3826 Asis
565 3773 696 3844 direptas,
708 3773 738 3828 in
753 3790 835 3828 suum
846 3789 965 3846 regnum
976 3787 1167 3847 congesserat,

161 3859 196 3914 45
213 3852 244 3908 in
257 3852 347 3910 Ponto
358 3865 472 3908 omnem
486 3846 604 3920 reliquit.
646 3847 719 3905 Haeo
733 3847 802 3904 dum
814 3849 902 3908 nostri
915 3849 1052 3923 eolligunt
1071 3853 1167 3920 omnia
