2542 4212
394 275 661 337 ousuroruoe.
678 243 836 346 mulcro.
1109 283 1148 346 re

166 419 214 477 dl.
249 416 311 493 Ego
324 414 390 474 verb
404 416 480 476 istud
494 437 552 476 non
569 421 691 494 postulo,
704 421 823 496 inquies.
864 421 908 480 Its
922 421 1095 502 (mehercle)

139 499 280 566 existimo,
294 493 427 552 Tubero:
448 495 516 553 novi
529 497 607 552 enim
621 507 665 565 te;
678 499 742 554 novi
756 509 882 573 patrem
897 499 963 556 novi
976 501 1095 558 domum

140 591 298 646 nomenque
316 582 458 628 vestrum:
480 573 579 629 studia
587 573 709 648 denique
730 575 843 650 generis
857 593 891 631 uo
910 575 1022 634 familie
1036 593 1096 634 ves·

139 663 199 720 trae,
213 649 330 720 virtutis,
341 649 533 726 humanitatis,
547 650 694 721 doctrine,
707 651 890 726 plurimarum
901 653 1003 710 artium
1013 665 1096 728 atque

139 728 316 802 optimarum,
335 735 402 781 note
420 739 486 782 sunt
503 726 573 782 mihi
590 727 696 783 omnia.
737 726 838 802 Itaque
861 725 939 786 certb
958 730 1033 800 scio,
1049 735 1130 788 vosb

50 859 52 866 ,
140 824 197 861 non
210 815 307 878 petere
321 802 573 876 sanguiuemzscd
587 817 686 876 parurn
701 805 852 874 attenditis.
893 801 956 862 Re's
969 805 1047 862 euim
1061 801 1097 864 sd

141 891 258 954 spectat,
271 887 305 937 ut
317 879 353 934 ed
362 878 454 952 poend,
465 879 495 934 in
508 880 564 953 qud
578 879 671 937 sdbuc
680 879 720 940 0„
735 879 865 954 Ligurius
876 880 922 952 sit,
935 897 992 940 nou
1006 881 1098 940 videa·
1159 923 1162 938 .

143 958 214 1013 mini
228 974 290 1012 esse
308 955 441 1012 contenti.
480 949 557 1016 Quin
579 966 623 1013 est
643 956 728 1030 igitur
750 957 814 1026 alia,
835 968 933 1032 practer
955 961 1096 1016 mortorul
1152 959 1158 986 ³

143 1034 174 1090 si
198 1033 320 1088 enimin
340 1033 440 1090 exsilio
452 1043 505 1103 est,
529 1032 613 1088 sicuti
626 1043 679 1102 est,
700 1033 767 1106 quid
791 1033 909 1108 amplius
929 1035 1096 1109 postulatisi

141 1129 186 1181 an,
205 1128 242 1166 ne
259 1109 443 1184 ignoscaturf
464 1109 517 1164 hoc
536 1107 602 1164 verb
621 1106 711 1164 multis
730 1109 868 1180 acerbius,
890 1109 1034 1185 multique
1054 1119 1097 1169 cst
1112 1117 1145 1172 10

102 1191 107 1197 “
139 1188 244 1244 durius
285 1185 374 1245 Quod
388 1179 439 1241 rios
450 1185 525 1240 dorni
535 1185 667 1258 petimus,
680 1185 813 1259 precibus
826 1197 855 1242 et
864 1186 1005 1260 lacrymis,
1018 1205 1097 1262 pros·

139 1265 201 1320 trati
216 1265 252 1319 ad
266 1263 364 1337 pedes,
387 1272 514 1318 nontam
529 1271 632 1318 nostre
646 1279 739 1318 causae
761 1260 888 1334 fidentes,
902 1259 986 1336 qudru
1010 1263 1095 1338 bujus

139 1339 317 1409 immanitati,
341 1339 371 1394 id
393 1357 430 1394 ne
457 1339 648 1411 impetremus,
673 1356 712 1413 pu
753 1337 835 1394 abisl
862 1349 891 1394 et
912 1339 941 1396 in
968 1351 1095 1398 nostrum

139 1417 236 1483 fletum
250 1416 410 1489 irrumpes?
430 1425 459 1470 et
472 1433 533 1484 uos,
544 1413 671 1489 jacentes
739 1415 835 1490 pedes,
855 1415 1012 1488 supplicum
1026 1433 1095 1474 vocs

139 1493 322 1569 prohibebisl
481 1549 487 1559 ,
1111 1503 1145 1556 15

180 1570 223 1641 Si,
239 1566 306 1624 curn
318 1569 372 1624 hoc
380 1567 454 1624 dorni
463 1568 628 1647 faceremus,
640 1569 755 1643 quodet
767 1567 896 1640 fecimus,
910 1579 947 1641 et,
956 1579 992 1644 nt
1005 1587 1094 1646 spero,

78 1656 82 1661 '
139 1666 197 1706 nou
227 1647 331 1707 frustra
357 1645 483 1716 fecimus,
511 1657 542 1702 tu
563 1642 716 1720 derepente
741 1645 898 1720 irrupisses,
924 1657 956 1704 et
973 1647 1095 1706 clamare

137 1725 284 1798 crepisses,
305 1722 368 1779 “G.
384 1722 489 1794 Cesar,
504 1741 573 1780 care
592 1723 738 1798 iguoscss;
761 1739 840 1793 cave,
853 1733 881 1780 te
902 1723 1095 1800 fratrum,'pro

139 1801 233 1857 fratris
247 1801 336 1855 solute
355 1800 574 1869 obsecrantium,
587 1800 750 1856 miserentur
761 1799 788 1868 ;”
810 1817 905 1856 noune
918 1817 1033 1856 omnem
1045 1801 1096 1856 hn-
1184 1825 1188 1840 ¹

139 1877 306 1934 manitatem
330 1876 478 1932 exuissesl
510 1875 628 1936 Quanto
646 1877 701 1934 boo
719 1875 827 1947 durius,
850 1875 924 1950 quod
947 1893 998 1932 nos
1018 1874 1095 1932 domi
1109 1875 1145 1932 ὓ]

136 1955 270 2030 petimus,
286 1953 315 2010 id
329 1953 431 2010 stein
446 1953 505 2011 foro
518 1955 688 2029 oppugnari!
709 1965 748 2026 et,
762 1953 792 2010 in
806 1953 855 2011 nti
869 1953 982 2010 miserit
995 1951 1096 2013 multo·

138 2051 210 2102 rum,
224 2031 385 2107 perfugium
399 2031 598 2088 misericordiae
612 2032 724 2088 tollerel
826 2073 829 2080 Δ
881 2049 886 2058 ·

176 2108 279 2166 Dicam
292 2105 387 2189 planti,
409 2109 462 2166 Gai
476 2109 583 2180 Caesar,
601 2110 674 2182 quod
688 2109 788 2166 sentio.
829 2109 871 2181 Si,
894 2110 924 2166 in
938 2110 994 2168 hac
1014 2109 1093 2168 tanti

136 2187 186 2244 tui
200 2187 323 2256 fortuni,
345 2186 447 2242 lenitas
460 2196 539 2241 tanta
558 2204 617 2242 non
630 2197 713 2256 esset,
727 2197 860 2260 quantam
877 2197 907 2246 tu
920 2202 970 2260 per
984 2197 1029 2258 te,
1044 2205 1094 2261 per

136 2275 177 2334 te,
191 2265 318 2337 inquam,
328 2262 456 2332 obtines,¹
465 2260 613 2338 (intelligo,
624 2263 691 2336 quid
701 2262 810 2340 loqusr)
823 2263 1003 2320 acerbissimo
1016 2263 1094 2320 luctu
1108 2265 1144 2322 Ἃ

137 2341 309 2398 redundaret
322 2340 376 2396 ista
390 2339 513 2396 victoria.
553 2337 652 2400 Quem
665 2340 745 2396 multi
759 2341 836 2397 enim
850 2350 944 2398 essent
958 2341 994 2398 dc
1008 2341 1095 2400 victo-

135 2418 224 2489 ribus,
247 2419 297 2494 qni
321 2425 350 2474 t'e
373 2417 517 2484 crudelem
538 2436 600 2474 esse
624 2417 736 2490 vellent,
758 2415 824 2474 cdm
846 2418 931 2475 etism
952 2418 988 2476 de
1012 2419 1116 2478 victis'

134 2495 331 2569 reperiantur!
352 2492 438 2568 quim
452 2491 544 2562 multi,
562 2495 621 2568 qui,
635 2492 701 2550 crim
716 2513 733 2550 a
753 2505 782 2550 te
796 2495 902 2552 nemini
917 2495 1025 2570 ignosci
1039 2497 1095 2554 vel·

134 2572 207 2642 lent,
229 2571 401 2644 impedirent
412 2569 603 2636 ‚clementiam
626 2581 713 2640 tuam,
738 2567 804 2628 crim
829 2573 915 2628 etiam
939 2572 969 2642 ii,
992 2573 1095 2645 quibus

135 2649 201 2724 ipse
216 2645 361 2722 ignovisti,
375 2644 466 2700 nolint
478 2654 506 2699 tc
521 2645 551 2699 in
565 2645 633 2701 alios
647 2639 708 2702 esse
723 2647 946 2704 misericordem!
1108 2653 1144 2706 w
1247 2713 1248 2722 ἵ

173 2723 316 2786 Quodsi
340 2721 457 2794 probare
480 2720 584 2777 Caesari
605 2741 758 2796 possemus,
783 2725 813 2781 iu
836 2723 935 2781 Africa
949 2721 1095 2800 Ligarium

131 2802 256 2860 omnino
269 2817 326 2856 non
341 2797 427 2854 fuisse
435 2817 443 2866 ;
458 2797 613 2868 sibonesto
622 2809 650 2856 et
663 2801 835 2858 misericordi
850 2801 1004 2858 mendacio
1012 2800 1095 2859 saluti
1179 2865 1183 2872 ,
1201 2829 1206 2840 ·

131 2879 206 2938 civis
232 2876 388 2935 calamitosi
414 2875 571 2932 consultum
594 2895 657 2934 esse
678 2877 829 2954 vellemus3
850 2888 945 2934 tumen
973 2879 1095 2939 hominis

111 2975 190 3032 ,non
211 2955 343 3027 esset,·in
365 2963 444 3010 tanto
457 2952 619 3010 discrimine
640 2965 668 3010 et
681 2954 808 3028 periculo
829 2955 908 3022 civis,
926 2955 1052 3028 refellere
1066 2967 1095 3013 et

128 3051 288 3109 coarguere
310 3040 437 3087 nostrum
458 3031 656 3086 mendacium:
678 3042 716 3101 et,
736 3030 761 3086 si
786 3040 860 3085 esset
884 3029 1012 3102 alicujus,
1033 3032 1095 3087 e'us
1108 3041 1144 3096 35

127 3109 210 3168 cervi
225 3118 384 3178 nonesset,
398 3105 447 3180 qui
462 3106 491 3163 in
505 3107 606 3163 eddom
620 3107 707 3164 causi
722 3117 751 3162 et
764 3105 875 3162 fortuni
890 3105 995 3162 fuisset.
1076 3107 1095 3162 d

128 3199 229 3244 tamen
243 3185 321 3243 aliud
334 3195 378 3241 est
399 3201 492 3241 errare
506 3183 649 3240 Cresarem
671 3184 758 3254 nolle,
773 3183 849 3240 aliud
870 3183 944 3240 nolle
958 3182 1093 3240 misereri.
1161 3219 1163 3222 -

129 3263 215 3318 Turn
229 3264 349 3332 diceres,
369 3265 387 3291 ‘⁴
398 3261 484 3331 Cave,
498 3261 605 3331 Caesar,
619 3262 735 3317 credas:
757 3260 809 3315 fuit
823 3261 853 3315 in
873 3258 973 3314 Africi
987 3259 1095 3336 Ligari·

129 3358 169 3396 us
182 3357 190 3394 τ
204 3338 270 3394 tulit
283 3356 360 3400 arma
373 3349 470 3394 contra
482 3339 536 3394 te.''
571 3337 659 3394 Nunc
672 3337 741 3410 quid
755 3335 850 3390 dicisi
884 3333 988 3392 “Cave
1001 3336 1094 3410 ignos-

126 3416 213 3474 cas.’'
255 3413 329 3470 Haeo
346 3431 401 3469 nec
422 3415 553 3486 hominis,
575 3433 631 3472 nec
653 3415 689 3470 nd
704 3411 863 3481 hominem,
885 3429 939 3468 vox
957 3421 1016 3469 est:
1036 3413 1093 3486 qud
1108 3425 1143 3478 40

124 3495 179 3569 qui
196 3492 275 3569 apud
289 3501 327 3562 te,
341 3490 394 3548 Gai
403 3490 504 3563 Cesar,
518 3503 623 3563 utetur,
638 3507 718 3545 snam
737 3483 823 3543 citiirs
837 3487 951 3563 abjiciat
964 3489 1093 3547 humani·
1157 3489 1162 3500 '

125 3582 230 3642 tutem,
246 3565 333 3643 (prim
346 3569 520 3642 extorquebit
532 3580 620 3626 tuam.
1176 3581 1179 3588 ⁴

168 3647 223 3712 vl.
261 3647 310 3704 Ac
330 3645 436 3720 primns
456 3647 548 3702 aditus
567 3655 596 3700 et
617 3639 768 3716 postulatio
788 3639 953 3700 Tuberonis
971 3643 1043 3696 hcc,
1062 3637 1094 3678 ¹¹²

126 3727 241 3802 opinor,
257 3723 328 3793 fuit;
343 3721 414 3780 velle
428 3741 460 3778 se
474 3722 510 3777 dc
522 3721 564 3780 Q.
577 3717 687 3792 Ligarii
700 3715 807 3772 scelere
821 3719 923 3772 dicere.
963 3707 1031 3762 N⁰¹²
1044 3696 1095 3743 ‘¹¹¹'

302 3862 316 3922 '
370 3801 390 3855 7
