2542 4212
370 331 495 384 ORATIO
512 331 578 382 PRO
593 332 682 382 LEGE
698 332 861 382 MANlLlA.
1112 329 1152 392 49

139 499 174 538 ιο
187 478 271 548 socie,
284 477 319 532 de
335 475 408 532 t'onis
423 494 457 531 ec
471 475 592 549 templis,
606 475 642 532 de
652 473 737 532 totius
746 473 825 532 urbis
835 474 920 532 tectis
930 489 964 530 ec
974 473 1100 544 sedibus,

138 557 176 613 de
190 554 318 630 imperio,
331 553 367 608 de
379 551 518 622 libertate,
533 552 570 607 de
583 552 672 608 salute
685 551 784 621 lulis,
798 553 890 625 deque
908 551 1038 606 universi
1058 568 1102 606 re·

140 633 266 708 publici,
280 629 423 686 decernite
436 628 595 702 diligenter,
610 639 641 683 ut
655 628 826 698 instituistis,
840 646 874 684 ec
888 628 1002 684 fortiter.
1042 626 1100 682 lle·

141 698 214 766 betis
226 708 304 764 enirn
317 723 384 762 eum
397 705 552 774 consulem,
567 705 616 778 qui
629 715 659 760 et
671 723 768 778 perere
782 705 880 760 vestris
901 704 1022 760 decretis
1042 721 1100 760 non

140 785 259 855 dubitet,
272 794 301 840 et
314 802 359 853 ee,
371 799 433 855 que
448 781 612 851 statueritis,
627 782 719 854 quoed
732 781 814 850 vivet,
828 781 990 852 defendere,
1003 789 1033 836 et
1051 798 1100 854 per
1133 787 1151 836 5

142 881 173 919 se
186 863 278 936 ipsum
290 871 434 935 prestere,
446 858 541 932 possit.

512 1249 736 1330 ORATIO

141 1509 148 1518 ·
256 1473 387 1548 PRO
434 1471 621 1544 LEGE·
662 1469 989 1545 MANILIA.

185 1776 209 1832 1.
235 1775 416 1838 Qusrrouser
442 1773 513 1830 mihi
541 1791 651 1848 semper
672 1772 802 1847 frequens
822 1783 989 1848 conspectus
1012 1784 1103 1831 vester

148 1850 239 1908 multo
251 1851 484 1926 jucundissimus,
497 1851 545 1906 hic
560 1861 656 1906 eutem
668 1849 746 1906 locus
760 1851 796 1908 ed
810 1849 954 1925 egendum
967 1851 1104 1924 amplissi-

148 1947 222 2000 mus,
237 1929 273 1985 ed
291 1927 445 1983 dicendum
465 1926 661 1984 ornatissimus
681 1937 723 1984 est
742 1928 827 1998 visus,
839 1926 988 1994 Quiritem
1009 1937 1103 1984 tumen

146 2007 202 2063 hoc
216 2006 294 2063 editu
307 2004 407 2074 leudis,
421 2004 469 2078 qui
482 2022 593 2079 semper
612 2004 719 2079 optimo
739 2005 840 2079 cuique
861 2001 983 2062 mexirud
1004 2004 1103 2079 potuit,
1120 2009 1154 2063 10

147 2102 203 2141 non
223 2102 288 2141 mee
309 2097 354 2140 me
376 2081 512 2153 voluntas,
533 2082 592 2140 sed¹
604 2099 675 2139 meae
697 2083 759 2140 vitre
779 2083 913 2154 rationes,
933 2082 969 2140 cb
989 2081 1104 2140 ineunte

35 2191 40 2201 ·
147 2172 227 2220 etate
241 2171 389 2236 suscepte,
398 2160 611 2234 prohibuerunt.
652 2159 728 2216 Nem
744 2157 811 2216 cirm
822 2171 1104 2234 eutee,perretatem,

146 2239 273 2296 nondum
286 2237 369 2310 hujus
384 2238 578 2294 auctoritatem
598 2236 654 2292 loci
676 2238 814 2312 attingere
834 2238 982 2303 cuderem3
1003 2247 1106 2292 stutue-

146 2333 272 2388 remque,
286 2313 357 2370 nihil
371 2315 437 2384 huc,
447 2314 503 2370 nisi
516 2313 673 2388 perlectum
686 2314 813 2392 ingenio,
823 2315 996 2372 elaboratum
1011 2313 1106 2370 indus·

148 2392 212 2463 triu,
227 2392 318 2448 afferri
328 2401 471 2466 oportere;
491 2409 575 2448 omne
586 2410 682 2448 meum
692 2403 803 2466 tempus
813 2393 968 2448 amicorum
978 2391 1155 2467 tempori-15

147 2469 200 2526 bus
226 2469 472 2528 transmittendum
494 2469 597 2544 putavi.
639 2468 684 2526 Ite
712 2487 804 2543 neque
829 2470 877 2526 hic
899 2469 978 2526 locus
1000 2488 1106 2526 vacuus

147 2565 272 2618 unquam
287 2548 339 2604 fuit
353 2547 389 2604 ab
400 2547 434 2603 iis
444 2547 493 2620 qui
504 2557 626 2604 vestrum
637 2543 754 2604 censum
765 2547 964 2615 defenderent3
985 2557 1014 2604 et
1024 2564 1105 2604 meus

148 2621 239 2692 labor,
252 2624 283 2678 in
300 2624 469 2694 privatorum
482 2623 618 2696 periculis
638 2621 715 2680 ceste
738 2621 902 2699 integreque
923 2635 1057 2693 versutus,-
1070 2643 1106 2680 ex

149 2710 248 2756 vestro·
256 2697 366 2773 judicio
385 2697 509 2752 fructum
527 2708 570 2752 eet
590 2699 791 2772 amplissimum
811 2711 990 2758 consecutus.
1030 2700 1106 2756 Nam

55 2835 60 2844 .
129 2774 352 2850 .ci1m,prnpter
366 2773 530 2829 dilationem
544 2773 730 2848 comitiorum,
745 2787 786 2834 ter
800 2789 901 2854 praetor
913 2777 1021 2852 primus
1040 2795 1107 2834 cen·
1120 2781 1158 2836 20

148 2855 230 2910 turiis
250 2852 361 2909 cunctis
380 2851 558 2908 renuntiatus
579 2870 651 2924 sum,
666 2851 748 2911 fecild
770 2856 905 2926 intellexi,
924 2854 1063 2926 Quirites,
1077 2867 1106 2913 et

146 2931 215 3006 quid
228 2931 264 2988 de
277 2946 324 2986 me
335 2928 510 3004 judicaretis,
526 2939 555 2986 et
567 2930 635 3003 quid
656 2932 719 2988 aliis
739 2933 966 3007 praescriberetis.
1007 2931 1105 3006 Nunc,

146 3007 214 3066 crim
227 3019 256 3066 et
269 3007 442 3064 auctoritatis
457 3007 486 3062 in
500 3025 546 3062 me
560 3017 669 3064 tantum
683 3009 729 3079 sit,
743 3017 878 3083 quantum
893 3029 940 3066 vos
954 3011 1107 3068 honoribus

146 3086 316 3144 mandandis
336 3103 398 3140 esee
418 3084 553 3154 voluistis,
566 3094 595 3140 et
615 3085 651 3140 ad
670 3087 813 3160 agendum
827 3085 968 3142 lacrumis
988 3097 1106 3159 tuntum,

145 3176 282 3238 quantum
296 3162 403 3219 homini
418 3160 545 3236 vigilanti
559 3180 594 3217 ex
608 3161 713 3219 lorensi
727 3181 782 3218 usu
796 3160 882 3238 prope
893 3163 1056 3239 quotidiano
1066 3165 1107 3220 di·
1121 3169 1156 3222 525

147 3243 231 3332 “ddi
244 3240 408 3298 exercitatio
420 3239 511 3314 potuit
525 3239 637 3307 offerre3
658 3237 747 3310 eene,
761 3250 800 3310 et,
814 3241 838 3296 si
852 3241 920 3314 quid
934 3240 1107 3300 auctoritatis

149 3315 180 3371 in
193 3334 239 3371 me
253 3327 304 3386 est,
318 3318 353 3374 et
368 3317 443 3391 opud
457 3334 507 3372 eos
527 3325 599 3386 uter,
612 3317 661 3390 qui
682 3334 745 3372 eum
765 3315 836 3376 mihi
856 3318 994 3376 dederunt
1002 3340 1009 3388 ;
1030 3330 1069 3389 et,
1083 3319 1107 3376 si

149 3391 218 3465 quid
238 3392 323 3448 etiem
342 3394 464 3452 diceudo
484 3394 618 3467 consequi
638 3411 763 3468 possum,
778 3393 814 3448 iis
833 3394 979 3450 ostendam
999 3396 1109 3470 potissi·

147 3465 240 3538 mrim,
251 3467 300 3541 qui
314 3467 341 3524 ei
354 3486 462 3541 quoque
471 3471 512 3526 rei
527 3470 651 3528 fructum
665 3488 717 3526 suo
728 3467 838 3543 judicio
850 3470 1032 3528 tribuendum
1045 3491 1108 3529 esse

146 3554 331 3604 censuerunt.
372 3545 468 3619 Atque
482 3546 550 3602 illud
565 3548 595 3604 in
609 3546 709 3620 primis
722 3545 792 3602 mihi
806 3545 960 3604 laetandum
971 3549 1033 3624 jure
1046 3567 1109 3605 esee
1123 3555 1158 3608 ³0
1225 3573 1227 3580 ’

106 3689 118 3714 ⁸
146 3625 238 3694 video,
249 3618 335 3696 qudd‚
347 3623 376 3678 in
391 3623 446 3678 hec
456 3622 569 3680 insolitis
583 3622 654 3678 mihi
667 3639 704 3676 ex
717 3622 771 3679 hoc
785 3622 851 3682 loco
862 3625 970 3682 ratione
984 3625 1109 3694 dicendi,

146 3719 235 3760 cause
255 3699 321 3756 talis
339 3699 432 3756 obluta
450 3709 504 3770 est,
526 3700 556 3755 in
576 3698 633 3772 qut
652 3698 741 3755 oratio
761 3701 860 3758 deesse
880 3702 991 3758 nemini
1010 3709 1108 3772 potest

100 3808 106 3818 ·
146 3777 312 3838 Dicendum
338 3786 381 3835 est
399 3775 480 3834 enim
506 3775 543 3832 de
563 3774 618 3830 Cn.
640 3775 767 3850 Pompeii
792 3777 929 3851 singulari
949 3770 1108 3836 eximieque
1134 3831 1136 3834 ,
