2516 4204
264 455 275 473 .
368 343 558 444 oenmc'in
574 384 612 434 n.
629 341 826 436 annosiora
1074 393 1130 450 1³0

122 523 285 600 respublica
304 532 449 580 auctores:
474 541 529 598 ego
545 535 574 582 te
595 522 707 582 tantdm
729 526 853 599 gaudere
873 525 953 594 dico;
978 525 1081 584 iecisse

123 619 185 658 non
198 618 292 674 arguo.
332 599 482 673 Respondi
501 600 632 656 maximis
644 601 828 658 criminibus:
849 602 1026 659 nuncetiam
1038 621 1080 660 re·

122 675 206 750 liquis
221 676 447 750 respondendum
462 687 512 732 est
850 697 854 708 ·

121 807 126 814 .
161 753 229 810 XV.
264 753 364 810 Castra
377 753 448 808 mihi
461 752 601 826 Pompeii,
615 765 700 826 atque
720 751 790 809 illud
802 772 888 810 omne
900 765 1020 829 tempus,
1033 755 1081 812 ob-

119 830 224 906 jecisti
264 829 335 889 Quo
348 829 463 902 quidem
483 839 610 902 tempore
624 829 648 884 si
670 828 715 903 (ut
728 829 799 904 dixi)
821 849 916 890 meum
931 831 1116 888 eonsiliumd

123 906 335 977 auctoritasque
348 904 478 961 valuisset
486 923 494 972 ;
508 915 540 960 tu
555 904 639 960 hodie
652 922 766 978 egerem
780 923 832 961 ncs
841 905 922 962 liberi
936 925 1063 964 essemus
1071 925 1079 975 ;

124 981 287 1055 respublica
311 999 367 1039 non
390 991 431 1038 tot
455 981 543 1038 duces
570 992 599 1036 et
624 979 764 1036 exercitus
789 981 938 1038 amisisset.
978 981 1080 1040 Fateor

79 1125 81 1128 v
124 1058 214 1127 enim,
226 1076 282 1126 me,
297 1053 363 1112 edm
376 1075 419 1127 ea,
431 1075 499 1130 quaa
508 1055 684 1126 acciderunt,
697 1057 870 1130 providerem
886 1057 987 1127 lutura,
1001 1058 1079 1114 tanti

125 1135 156 1192 in
171 1133 303 1190 moestitizi
318 1131 534 1205 subsequenti.
547 1131 642 1188 ceteri
655 1131 753 1205 optimi
767 1133 852 1202 cives,
866 1133 890 1190 si
904 1133 979 1189 idem
992 1133 1081 1207 provi·

124 1212 241 1280 dissent,
268 1209 394 1264 finissent.
445 1207 593 1279 Dolebana
620 1208 759 1278 dolebam,
786 1208 882 1264 Patres
908 1209 1078 1284 conscripti,
1095 1209 1129 1262 1⁰

122 1286 336 1361 rempublicam,
357 1284 455 1340 vestris
474 1285 617 1358 quondam
637 1283 762 1358 meisque
782 1285 910 1341 consiliis
931 1303 1079 1342 conserva·

123 1375 192 1432 tam,
211 1363 288 1418 brevi
301 1372 427 1434 tempore
447 1379 511 1418 esse
525 1360 687 1434 perituram.
728 1358 830 1433 Neque
843 1357 909 1418 verd
929 1379 1007 1418 eram
1020 1371 1078 1418 tam

123 1439 257 1496 indoctus
270 1437 441 1512 ignarusque
461 1455 565 1507 rerum,
579 1446 611 1492 ut
625 1436 768 1510 frangerer
784 1437 879 1492 animo
891 1449 1001 1511 propter
1015 1437 1078 1494 vite

124 1515 319 1588 cupiditatem,
339 1531 401 1585 quae
414 1531 460 1568 me
474 1531 594 1569 manens
605 1511 758 1568 conficeret
778 1513 939 1586 angoribus,
952 1512 1077 1583 dimissa,

121 1589 262 1648 molestiis
275 1589 406 1646 omnibus
415 1589 552 1646 liberaret
593 1588 660 1646 Illos
673 1606 727 1662 ego
737 1587 982 1662 praestantissimos
995 1588 1128 1659 virne-15

122 1667 233 1724 lumina
246 1665 418 1740 reipublicae,
431 1666 522 1722 vivere
535 1663 670 1735 volebam,
689 1675 729 1722 tot
742 1663 912 1734 consuleres,
927 1675 968 1721 tot
980 1675 1079 1738 preto·

122 1744 189 1813 rios,
213 1753 254 1802 tot
275 1743 485 1803 honestissimos
509 1753 661 1811 senatores,
682 1759 796 1798 omnem
820 1751 955 1816 preterea
982 1739 1077 1798 dorem

123 1819 287 1892 nobilitatis
299 1839 333 1876 ac
351 1818 515 1892 juventutis,
536 1829 597 1874 tum
609 1817 779 1892 optimorum
799 1817 903 1872 civium
919 1817 1077 1873 exercitus:

123 1896 174 1970 qui
188 1896 213 1951 si
226 1895 359 1965 viverent,
372 1895 498 1967 quamvis
512 1893 608 1967 iniquit
622 1894 785 1950 conditione
798 1893 887 1966 pacis,
906 1891 988 1967 (mihi
1002 1892 1078 1948 enim

121 1972 217 2030 omnis
229 1991 284 2045 pan
298 1989 364 2028 cum
378 1971 486 2026 civibus
501 1970 573 2026 bello
586 1971 661 2026 civili
670 1970 763 2026 utilior
777 1969 934 2044 videbatur)
950 1969 1079 2044 rempub·
1093 1970 1130 2026 m

121 2048 207 2106 licam
221 2048 306 2104 hodie
320 2058 488 2104 teneremus.
528 2046 605 2107 Quae
619 2046 760 2103 sententia
772 2046 796 2102 si
817 2045 957 2116 valuisset,
972 2064 1006 2104 ac
1020 2064 1078 2102 non

122 2125 144 2182 ii
157 2121 279 2182 maxime
293 2124 374 2194 mihi,
394 2142 513 2197 quorum
526 2142 583 2198 ego
603 2123 666 2180 vite
680 2122 873 2191 consulebam,
893 2141 942 2195 spe
956 2122 1078 2178 victorie

122 2201 201 2271 elati,
213 2201 388 2257 obstitissent
399 2219 406 2266 ;
420 2210 451 2254 ut
465 2199 521 2254 alia
532 2199 671 2268 omittam,
682 2208 713 2254 tu
727 2194 805 2253 certe
826 2215 969 2268 nunquam
981 2198 1011 2252 in
1026 2198 1079 2254 boc

122 2278 233 2347 ordine,
247 2276 290 2331 vel
303 2273 396 2350 potids
411 2275 441 2330 in
454 2275 508 2330 bac
522 2273 603 2342 urbe,
616 2273 778 2330 mansisses.

165 2353 206 2410 At
219 2348 284 2408 rerd
299 2351 353 2408 Cn.
373 2350 500 2424 Pompeii
514 2350 686 2406 voluntatem
707 2369 724 2406 a
737 2368 784 2408 me
805 2349 981 2406 abalienabat
993 2349 1080 2406 oratio
1094 2357 1129 2412 25

122 2449 195 2489 mea.
237 2430 284 2486 An
299 2429 345 2485 ille
360 2446 521 2502 quenquam
541 2423 605 2502 plits
618 2427 738 2484 dilexitl
758 2445 824 2484 cum
839 2427 896 2484 ullo
910 2437 959 2484 aut
976 2445 1081 2485 sermo·

123 2527 176 2564 nes
188 2517 237 2566 aut
250 2506 368 2563 consilia
377 2505 499 2564 contulit
512 2504 635 2578 sepiust
654 2504 728 2577 quod
741 2504 854 2578 quidem
864 2514 924 2562 erat
937 2522 1079 2578 magnum,

124 2585 162 2640 de
176 2582 288 2638 summai
300 2601 331 2637 re
344 2581 552 2649 dissentientes,
573 2580 603 2636 in
616 2580 717 2637 eedem
727 2581 933 2636 consuetudine
947 2581 1079 2636 amicitie

123 2675 301 2734 permanere.
341 2656 401 2710 Sed
416 2666 445 2712 et
457 2674 520 2728 ego,
533 2655 601 2726 quid
615 2655 671 2724 ille,
684 2667 713 2712 et
725 2653 822 2713 contri
836 2655 892 2725 ille,
905 2655 972 2727 quid
986 2673 1039 2727 ego
1052 2666 1080 2710 et

123 2735 262 2792 sentirem
282 2742 312 2788 et
338 2741 503 2806 spectarem,
529 2729 648 2786 videbat.
688 2731 749 2806 Ego
770 2731 955 2790 incolumitati
977 2729 1081 2788 civium
1094 2740 1130 2796 30

123 2807 259 2886 primum,
279 2818 308 2865 et
327 2819 425 2883 postea
445 2806 593 2882 dignitati;
615 2807 661 2864 ille
681 2807 812 2884 presenti
836 2805 967 2882 dignitati
987 2803 1080 2880 potitis

124 2877 298 2945 consulebat.
337 2881 428 2946 Quid
442 2894 537 2940 autem
557 2883 677 2942 habebat
690 2897 807 2960 uterque
821 2885 895 2960 quod
909 2894 1079 2959 sequeretur,

124 2964 233 3023 idcirco
252 2961 424 3020 tolerabilior
445 2971 505 3017 erat
531 2972 627 3018 nostra
647 2961 794 3018 dissensio.
834 2961 915 3022 Quid
940 2957 1005 3018 verd
1033 2961 1080 3020 ille

123 3041 274 3116 singularis
287 3040 338 3110 vir,
360 3057 394 3094 ac
406 3035 481 3110 pene
503 3037 624 3106 divinus,
645 3038 681 3094 de
696 3055 741 3092 nre
764 3037 893 3104 senserit,
914 3037 1018 3104 sciunt,
1031 3038 1080 3108 qui

123 3137 189 3176 eum
203 3118 238 3173 de
252 3113 417 3174 Pharsalici
431 3112 498 3187 iugi
511 3111 640 3186 Paphum
656 3113 800 3187 prosecuti
813 3121 886 3167 sunt.
928 3109 1081 3182 Nunquam
1095 3133 1130 3184 35

124 3195 161 3250 ab
181 3213 216 3250 eo
228 3193 335 3250 mentio
355 3191 393 3248 de
407 3208 464 3260 me,
478 3188 533 3244 nisi
558 3189 720 3257 honorifica,
734 3188 790 3245 nisi
809 3188 894 3262 plena
917 3185 1081 3243 amicissimi

126 3269 275 3336 desiderii;
299 3266 366 3325 cdm
380 3285 426 3324 me
442 3265 547 3322 vidisse
566 3265 630 3339 plus
650 3265 794 3334 fateretur,
808 3283 838 3320 se
859 3263 1011 3336 speravisse
1025 3282 1082 3320 me-

125 3345 204 3402 liora
244 3343 283 3399 Et
301 3344 363 3417 ejus
383 3343 436 3400 viri
454 3341 570 3398 nomin'e
590 3360 637 3396 me
659 3341 792 3396 insectari
813 3339 911 3410 audes,
931 3339 1013 3412 cujus
1035 3359 1081 3398 me

124 3421 261 3490 amicum,
274 3429 303 3476 te
317 3429 464 3487 sectorem,
477 3436 540 3474 esse
554 3417 680 3474 iatearel

163 3494 249 3556 XVI.
284 3496 342 3551 Sed
355 3495 498 3552 omittatur
512 3493 617 3550 bellurn
631 3492 710 3560 illud,
725 3491 755 3548 in
768 3509 824 3563 quo
836 3501 867 3546 tu
881 3487 1002 3546 nimium
1016 3491 1082 3549 felix
1095 3501 1131 3554 40

123 3573 213 3634 fuisti.
256 3570 303 3628 Ne
322 3571 394 3646 jocis
406 3570 522 3644 quidem
546 3567 732 3642 respondebo,
752 3567 855 3640 quibus
874 3585 920 3624 me
934 3567 964 3622 in
983 3567 1082 3622 castris

116 3670 206 3712 usum
228 3665 294 3706 esse
313 3647 417 3704 dixisti.
459 3643 549 3702 Erant
569 3643 618 3698 illa
636 3643 750 3715 quidem
771 3653 863 3698 castra
882 3643 966 3717 plena
988 3655 1081 3698 cure:

121 3737 310 3789 reanumen
325 3723 464 3794 homines,
478 3717 604 3796 quemvis
617 3718 648 3774 in
667 3717 786 3774 turbidis
798 3719 882 3776 rebus
896 3718 962 3784 sint,
975 3725 1080 3776 umen,
