2516 4204
131 310 188 370 loo
356 305 490 360 omrro
505 306 574 354 eno
590 305 621 354 r.
638 261 751 354 sunio
767 304 916 356 mnosn

178 449 276 506 efferre
289 466 348 506 uon
360 465 460 523 posse;
481 458 577 504 tamen
591 447 653 502 brec
666 447 730 503 novi
742 446 842 521 judicii
860 463 936 504 nova
949 444 1136 502 lormctsrr'et

176 525 282 595 oeulos,
302 525 360 598 qui,
384 521 558 597 quiscunque
576 523 737 592 inciderint,
757 534 880 577 veterem
899 521 1136 577 consuetudinem

178 600 240 670 fori,
255 611 284 657 et
296 601 445 674 pristinum
459 618 566 656 morem
577 599 759 672 judiciorum,
780 597 936 670 requirunt.
977 595 1045 652 Non
1058 597 1136 654 enim

178 676 283 734 coront
297 695 448 734 consessus
466 686 556 732 vester
570 677 683 732 cinctus
703 684 755 744 est,
769 684 801 730 ut
814 673 939 740 solebst3
961 689 1018 729 non
1032 673 1136 729 usitatis

145 761 162 812 5
179 751 336 827 frequentia
357 753 449 827 stipati
465 771 569 808 sumus.
610 750 686 806 Nam
700 750 747 806 illa
759 749 898 824 praesidia,
919 767 982 822 quar
995 767 1046 822 pro
1066 760 1138 805 tem·

177 829 233 903 plis
245 830 376 886 omnibus
396 829 523 898 cernitis,
537 828 589 884 etsi
603 838 703 884 contra
723 827 779 884 vim
793 826 928 882 collocata
940 835 1016 895 sunt,
1040 823 1137 900 [nobis

105 910 113 973 ξ
178 905 298 960 afferunt
317 915 412 960 tamen
433 904 554 959 horroris
567 903 673 974 aliquid
685 903 706 978 3]
729 914 770 972 ut,
784 903 815 958 in
837 903 906 973 loro,
926 902 998 958 etin
1015 902 1136 976 judicio,

106 981 112 1026 l
177 997 337 1052 quanquam
350 979 488 1053 praesidiis
501 979 669 1035 salutaribus
681 989 710 1034 et
729 979 897 1034 necessariis
910 979 981 1053 septi
997 976 1137 1056 [sumus],

106 1067 110 1075 ·
177 1064 273 1113 tamen
294 1074 331 1112 ne
345 1074 402 1112 non
422 1055 522 1112 timere
534 1055 649 1128 quidem
669 1055 731 1111 sine
752 1055 845 1128 aliquo
865 1055 967 1112 timore
986 1056 1134 1130 possimus.

128 1139 163 1192 10
177 1130 254 1192 Quia
268 1131 292 1188 si
305 1133 432 1206 opposite
446 1131 547 1188 Miloni
561 1142 698 1206 putarem,
720 1132 851 1188 cederem
865 1132 993 1206 tempori,
1006 1131 1136 1206 judices;

177 1225 242 1277 nec,
257 1207 330 1262 inter
350 1218 457 1264 tantam
471 1208 527 1264 vim
548 1227 700 1278 armorum,
714 1209 903 1264 existimarem
923 1209 1027 1266 oratori
1040 1208 1136 1264 scum

176 1299 247 1338 esse.
290 1282 348 1337 Sed
362 1301 407 1338 me
421 1294 530 1339 recreat
549 1294 578 1339 et
591 1285 682 1340 relicit
702 1284 756 1340 Cn.
772 1284 911 1358 Pompeii,
932 1284 1137 1360 sapientissimi

176 1367 205 1412 et
222 1357 371 1430 justissimi
391 1359 453 1427 viri,
468 1360 636 1428 consilium3
657 1361 705 1433 qui
725 1358 851 1435 profecti>
866 1380 921 1417 nec
939 1361 1055 1436 justitior
1074 1379 1137 1416 sure

175 1443 286 1506 putaret
297 1453 371 1505 esse,
383 1453 468 1508 quem
481 1455 562 1492 reum
576 1437 724 1494 sententiis
741 1437 870 1511 judicum
883 1439 1051 1508 tradidisset,
1066 1455 1140 1494 eun·

127 1521 161 1574 15
177 1509 242 1566 dem
256 1510 320 1567 telis
333 1511 454 1568 rnilitum
469 1513 588 1582 dedere;
603 1533 658 1570 nec
671 1515 827 1588 sapientie,
841 1515 1025 1574 temeritatem
1039 1513 1138 1572 conoi-

176 1596 241 1643 tatae
255 1587 443 1644 multitudinis
456 1591 620 1648 auctoritate
633 1591 747 1664 publici
762 1611 877 1648 armare.

215 1663 410 1723 Quamobrem
425 1665 472 1722 illa
485 1685 572 1735 arma,
593 1668 783 1735 centuriones,
797 1668 933 1734 cobortes,
949 1683 1006 1720 non
1019 1667 1140 1756 pericu-

175 1737 235 1794 lum
261 1740 353 1809 nobis,
381 1743 431 1797 sed
453 1742 625 1815 presidium,
649 1742 833 1798 denuntiant:
860 1758 952 1813 neque
974 1739 1078 1808 solum,
1101 1755 1143 1798 ut

175 1815 281 1886 quieto,
300 1818 450 1874 sedetiam
470 1830 502 1876 ut
515 1837 619 1893 magno
632 1819 726 1876 animo
746 1818 845 1888 simus,
857 1819 1018 1882 hortantum
1039 1834 1139 1889 neque

125 1899 161 1952 20
177 1892 312 1948 auxilium
326 1892 411 1950 modd
425 1895 584 1953 defensioni
598 1915 679 1967 mere,
700 1892 796 1954 verbm
811 1895 896 1952 etiarn
909 1892 1063 1961 silentium,
1076 1893 1139 1966 pol-

175 1966 304 2022 licentur.
345 1969 470 2040 Reliqua
483 1969 550 2026 verd
570 1973 731 2042 multitudo,
752 1991 814 2044 quae
828 1973 941 2044 quidem
962 1979 1006 2025 est
1017 1968 1135 2040 civium,

174 2050 231 2096 tota
245 2052 340 2097 nostra
353 2054 413 2110 est;
435 2061 528 2116 neque
542 2064 641 2100 eorum
659 2048 817 2119 quisquam,
831 2057 901 2119 quos
921 2046 1047 2119 undique
1061 2045 1137 2100 intu-

174 2125 255 2174 entes
268 2117 396 2186 cernitis,
414 2120 490 2175 nnde
505 2120 598 2187 aliqua
608 2141 675 2189 pars
689 2121 741 2179 fori
762 2123 870 2186 adspici
884 2133 987 2187 potest.
1007 2132 1037 2178 et
1050 2121 1136 2188 hujus

175 2193 283 2250 exitum
293 2192 395 2269 judicii
416 2200 621 2266 exspectantes,
636 2207 704 2260 non,
718 2185 786 2244 clim
805 2189 903 2246 virtuti
918 2189 1034 2246 Milonis
1050 2190 1135 2261 favet,

124 2283 160 2338 25
175 2281 236 2327 tum
249 2273 285 2328 de
306 2290 346 2341 se,
359 2271 396 2327 de
415 2269 510 2326 liberis
531 2268 601 2339 suis,
621 2267 658 2323 de
671 2265 771 2343 patrii,
792 2266 828 2324 de
849 2261 978 2338 fortunis,
998 2266 1138 2324 hodierno

175 2348 223 2402 die
237 2347 376 2412 decertari
389 2357 477 2419 putat.

214 2421 254 2476 ΙΙ.
288 2419 326 2476 Ui
337 2439 383 2476 um
397 2439 488 2494 genus
501 2431 544 2476 est
557 2421 705 2476 adversum
717 2421 906 2492 infestumque
920 2422 1010 2490 nobis,
1025 2437 1135 2493 eorum,

173 2515 243 2571 quos
264 2497 295 2554 P.
310 2497 404 2554 Clodii
425 2496 501 2554 furor
515 2497 621 2572 rapinis
635 2506 664 2553 et
684 2496 825 2553 incendiis
838 2507 867 2552 et
886 2496 1017 2552 omnibus
1037 2499 1136 2554 exitiis

173 2573 295 2650 publicis
308 2575 401 2650 pavit:
422 2574 470 2649 qui
485 2574 618 2632 hesternit
631 2574 717 2632 etiam
730 2574 868 2632 concione
888 2573 998 2630 incitati
1012 2583 1087 2646 sunt,
1101 2585 1137 2632 ut

123 2665 159 2719 30
175 2651 253 2709 robis
274 2672 342 2710 voce
368 2653 509 2728 praeirent,
529 2653 596 2728 quid
615 2652 788 2728 judicaretis.
827 2650 959 2712 Quorum
983 2651 1086 2707 clamor
1105 2651 1135 2707 si

174 2731 222 2803 qui
244 2729 313 2787 fortd
335 2731 428 2801 fuerit,
449 2732 600 2787 admonere
622 2750 669 2786 vos
683 2731 806 2800 debebit,
820 2739 852 2786 ut
872 2747 937 2786 eum
958 2729 1048 2784 civem
1067 2725 1136 2782 reti·

175 2807 276 2876 neatis,
290 2807 337 2877 qui
352 2824 462 2876 semper
476 2823 566 2875 genus
581 2807 650 2859 illud
672 2807 826 2872 hominurn,
840 2805 1031 2878 clamoresque
1045 2802 1137 2859 maxi·

174 2899 244 2946 mos,
258 2898 308 2950 pro
321 2879 413 2932 vestris
428 2878 518 2931 solute
529 2879 660 2950 neglexit.
700 2878 895 2935 Quamobrem
910 2879 1005 2933 adeste
1019 2879 1137 2951 animis,

171 2953 301 3027 judices;
322 2961 351 3008 et
370 2951 508 3022 timorem,
529 2952 552 3007 si
573 2971 657 3026 quem
678 2952 796 3023 habetis,
817 2952 957 3025 deponite.
997 2952 1085 3023 Nam,
1107 2955 1135 3016 si

123 3043 158 3096 35
175 3047 299 3103 unquam
313 3029 349 3086 de
363 3028 445 3085 bonis
458 3037 487 3084 et
501 3028 618 3086 fortibus
638 3029 714 3100 viris,
728 3029 752 3086 si
766 3047 889 3103 unquam
910 3029 945 3084 de
961 3021 1033 3085 bend
1049 3032 1139 3096 merie

174 3107 211 3164 tis
226 3107 343 3175 civibus,
357 3117 480 3178 potestas
494 3107 571 3163 vobis
582 3107 730 3180 judicandi
745 3107 811 3174 luit3
834 3107 857 3161 si
871 3105 992 3179 denique
1006 3125 1134 3180 unquam

174 3185 255 3242 locus
276 3180 510 3253 amplissimorum
530 3183 661 3238 ordinum
682 3183 800 3238 delectis
819 3182 885 3237 viris
906 3183 988 3239 datus
1008 3183 1060 3254 est,¹
1079 3179 1132 3246 ubi

174 3277 226 3314 sua
246 3255 339 3312 studia
359 3273 426 3329 erga
447 3256 533 3313 sortes
551 3268 580 3314 et
599 3259 687 3314 bonos
706 3259 791 3331 cives,
812 3277 874 3332 quae
893 3259 970 3316 vultu
990 3271 1019 3317 et
1039 3259 1132 3316 verbis

173 3351 248 3407 saepe
272 3332 490 3408 significdssent,
511 3353 541 3390 re
561 3345 590 3390 et
610 3336 759 3392 sententiis
779 3337 970 3406 declararent3
992 3338 1046 3394 hoc
1070 3354 1133 3411 pro-

123 3427 158 3480 40
173 3406 247 3466 fectd
262 3421 386 3486 tempore
400 3430 462 3468 earn
475 3421 639 3486 potestatem
654 3431 767 3468 omnem
781 3432 830 3470 vos
845 3413 964 3484 habetis,
986 3425 1017 3470 ut
1030 3424 1133 3470 statua-

172 3485 218 3557 tis,
233 3484 327 3544 utriim
348 3507 409 3558 nos,
423 3489 470 3562 qui
492 3507 600 3564 semper
621 3501 719 3546 vestre
734 3491 893 3550 auctoritati
914 3489 1002 3548 dediti
1016 3490 1130 3557 illimus,

172 3581 282 3638 semper
301 3563 396 3620 miseri
411 3565 566 3640 lugeamus,
587 3587 634 3638 an,
648 3568 698 3625 diu
711 3568 803 3628 vexati
823 3587 840 3622 a
853 3566 1048 3640 perditissimis
1061 3562 1132 3618 civi-

172 3640 234 3710 bus,
256 3638 407 3712 aliquando
427 3659 548 3716 perros,
570 3662 604 3702 ac
618 3655 738 3702 vestram
751 3644 846 3714 fidem,
867 3643 1008 3716 virtutem,
1020 3638 1134 3732 capistr-

172 3716 305 3793 tiamque,
320 3731 487 3775 recreemur.
965 3787 981 3810 u

956 3803 968 3830 ι
