2542 4212
126 314 167 374 oo
396 267 772 360 omarorsorscrim
789 306 915 358 rosus.

176 453 261 512 etiam
281 453 341 510 suis
360 453 511 510 tradituros
526 470 589 508 esse
609 451 728 509 confido.
770 449 895 524 Corpora
914 442 983 504 verb
1002 463 1062 517 sua,
1080 465 1133 522 pro

176 531 264 588 solute
278 547 379 605 regum
398 548 523 600 suorum,
537 529 567 584 bi
581 529 667 602 legati
680 527 732 584 tibi
752 527 823 601 regii
838 527 965 594 tradunt,
978 523 1090 592 Hieras,
1103 535 1131 580 et

175 606 342 677 Blesamius,
357 617 386 662 et
399 606 571 680 Antigonus,
586 605 637 662 tibi
652 605 787 676 nobisque
800 603 932 660 omnibus
943 600 1052 674 jamdiu
1065 599 1132 672 noti,

175 682 401 758 eidemque'fide
415 693 445 738 et
455 683 566 738 ¹virtute
579 682 712 756 praeditus
730 679 881 753 Doryldus,
900 677 948 752 qui
962 695 1052 750 nuper
1067 694 1132 732 cum

141 765 160 817 5
176 758 267 816 Hierd
280 760 390 835 legatus
410 769 453 815 est
467 759 502 815 ad
521 760 676 828 remissus,
690 768 750 814 turn
770 775 870 832 regum
884 753 1058 824 amicissimi,
1073 763 1131 810 tum

175 836 227 892 tibi
247 837 342 906 etiam,
363 847 394 892 ut
412 854 502 908 spero,
523 835 640 908 probati,
681 833 811 907 Exquire
826 833 862 888 de
882 831 1033 900 Blesamio,
1052 849 1132 886 uum·

174 912 241 982 quid
262 912 297 966 ad
318 929 414 984 regem
434 921 533 966 contra
553 911 720 983 dignitatem
740 921 818 966 tuam
838 909 988 982 scripserit.
1029 907 1130 962 Hieras

173 986 287 1058 quidem
301 1005 415 1042 causam
428 1005 541 1042 omnem
556 987 684 1059 suscipit,
704 997 733 1042 et
746 986 913 1042 criminibus
934 985 989 1041 illis
1001 1002 1052 1058 pro
1065 1002 1130 1058 rege

173 1080 204 1118 se
232 1081 284 1137 sup
322 1063 365 1119 nit
390 1081 488 1118 reum:
512 1063 676 1118 memoriam
703 1073 781 1118 tuam
808 1063 947 1135 implorat,
974 1061 1030 1134 qud
1056 1061 1130 1116 vales

124 1146 158 1199 10
173 1139 344 1213 plurimum:
365 1150 450 1213 negat
462 1157 587 1212 unquam
608 1159 638 1194 se
653 1159 669 1195 a
682 1149 709 1196 te
731 1139 760 1195 in
774 1138 900 1194 Deiotari
920 1137 1071 1194 tetrarchiis
1085 1156 1131 1212 pe·

172 1217 237 1271 dem
251 1215 432 1272 discessisse:
452 1216 482 1270 in
496 1216 595 1289 primis
608 1216 713 1270 finibus
726 1216 778 1271 tibi
793 1234 823 1271 se
837 1225 938 1288 praesto
952 1215 1037 1272 fuisse
1050 1215 1130 1285 dicit,

172 1309 261 1364 usquo
275 1292 311 1346 ad
331 1291 444 1347 ultimos
456 1303 655 1366 prosecutum:
677 1289 744 1347 crim
758 1310 775 1347 e
791 1291 892 1347 balneo
906 1291 1023 1362 exisses,
1037 1303 1130 1348 tecum

171 1386 202 1423 se
216 1367 313 1438 fuisse,
327 1364 393 1424 cbm
408 1368 455 1424 illa
466 1387 583 1424 munera
596 1368 766 1442 inspexisses
775 1379 914 1439 coenatus,
928 1365 1040 1426 crimin
1053 1368 1131 1424 cubi·

171 1444 236 1501 culo
248 1445 443 1513 recubuisses3
464 1445 641 1518 eandemque
655 1446 848 1502 assiduitatem
867 1446 919 1502 tibi
934 1465 964 1502 se
978 1445 1131 1520 praebuisse

70 1591 73 1598 1
123 1517 157 1570 15
171 1522 313 1596 postridie.
353 1521 559 1593 Quamobrem,
574 1523 597 1578 si
618 1523 686 1596 quid
707 1541 818 1594 eorum,
840 1541 902 1597 quae
923 1523 1033 1598 objecta
1055 1533 1131 1593 sunt,

172 1599 327 1673 cogitatum
347 1599 393 1669 sit,
414 1619 472 1656 non
492 1610 613 1671 recusat,
633 1601 702 1674 quin
723 1601 752 1656 id
774 1601 884 1657 lacinus
904 1619 987 1656 suum
1009 1599 1131 1674 judices.

170 1671 325 1746 Quocirca,
341 1675 394 1732 cai
410 1675 518 1747 Caesar,
532 1677 615 1732 velim
633 1677 785 1747 existimes,
800 1677 936 1732 hodierno
950 1676 995 1730 die
1017 1688 1133 1733 senten·

171 1750 240 1806 tiam
261 1761 348 1823 tuam,
370 1763 419 1808 aut
438 1771 506 1810 cum
526 1772 636 1810 summo
656 1753 795 1810 dedecore
817 1751 998 1806 miserrimam
1019 1763 1134 1824 pestem

171 1825 381 1902 importaturam
389 1848 451 1888 esse
462 1831 585 1906 regibus,
597 1841 645 1888 aut
655 1830 824 1888 incolumem
836 1828 939 1885 sarnam
949 1845 1015 1884 cum
1024 1826 1116 1886 salute
1123 1848 1132 1896 ς

120 1900 156 1956 20
171 1922 289 1977 quorum
303 1905 420 1964 alterum
430 1919 535 1982 optare,
544 1909 655 1966 illorum
669 1907 842 1966 crudelitatis
856 1917 915 1976 est;
935 1905 1054 1964 alterum
1064 1924 1131 1964 cou-

171 1997 291 2050 serrare,
305 1983 462 2039 clementiae
476 1994 541 2039 tuae.

532 2353 757 2431 ORATIO

618 2535 676 2573 PRO

267 2673 310 2748 A.
356 2670 556 2747 LlClNlO
600 2667 798 2745 ARCHIA
841 2669 1027 2746 POETA.

206 2970 229 3028 Ι.
266 2971 299 3030 Si
313 2970 437 3046 quidest
452 2969 481 3026 in
502 2987 548 3026 me
562 2969 680 3044 ingenii,
699 2969 820 3044 judices,
834 2970 908 3042 quod
929 2969 1021 3027 sentio
1041 2976 1134 3046 quam

147 3091 150 3098 ⁴
167 3045 204 3108 sit
217 3049 373 3127 exiguum
394 3059 442 3105 aut
456 3047 481 3104 si
493 3066 548 3121 qus
568 3047 733 3104 exercitatio
748 3047 873 3118 dicendi,
895 3047 924 3104 in
938 3047 994 3122 qud
1009 3067 1133 3112 menon

167 3127 278 3186 inlicior
299 3127 477 3182 mediocriter
497 3143 562 3181 esse
582 3136 741 3193 versatum3
763 3136 812 3181 aut
825 3125 849 3182 si
864 3125 980 3200 hujusce
994 3123 1041 3184 rei'
1056 3132 1133 3190 ratio

116 3206 153 3260 25
168 3206 269 3282 aliqua,
292 3203 328 3256 ab
341 3199 509 3274 optimarum
528 3203 630 3258 artium
651 3202 797 3258 studiisac
818 3201 970 3278 disciplind
992 3207 1130 3280 profecta,

167 3297 185 3338 a
198 3279 253 3353 qud
267 3296 321 3354 ego
334 3277 444 3333 nullum
458 3277 591 3334 confiteor
606 3279 695 3334 aetatis
709 3298 780 3336 meaa
800 3290 911 3354 tempus
925 3283 1107 3342 abhorruisse
1121 3305 1129 3356 ;

167 3373 264 3413 earum
277 3373 372 3414 rerum
385 3355 512 3413 omnium
525 3355 568 3412 vel
583 3355 612 3412 in
625 3355 724 3430 primis
745 3355 793 3414 bio
807 3358 843 3414 A.
859 3357 988 3418 Licinius
1004 3361 1129 3420 fluctum

167 3451 184 3490 a
204 3452 249 3491 me
265 3450 390 3512 repetere
410 3430 496 3511 prope
517 3453 569 3492 suo
586 3433 649 3510 jure
670 3434 762 3492 debet.
803 3429 889 3507 Na'm,
909 3439 1003 3511 quoad
1022 3439 1130 3514 longis-

167 3508 239 3568 sime
253 3523 344 3588 potest
361 3532 441 3570 mens
456 3532 520 3570 mea
539 3513 679 3588 respicere
693 3513 815 3588 spatium
835 3514 967 3588 praeteriti
981 3515 1128 3590 temporis,

118 3596 153 3648 ³0
167 3599 196 3646 et
215 3590 341 3664 pueritie
359 3592 523 3648 memoriam
543 3592 684 3649 recordari
695 3591 833 3661 ultimam,
854 3589 920 3646 inde
939 3609 1026 3666 usque
1046 3609 1130 3665 repe-

167 3677 240 3738 tens,
255 3667 332 3724 bunc
346 3666 428 3721 video
442 3669 511 3724 mihi
531 3670 699 3744 principem,
714 3669 792 3725 etad
813 3667 1024 3741 suscipiendam
1038 3677 1067 3725 et
1087 3669 1130 3726 ad

112 3809 115 3825 ι
168 3742 383 3820 ingrediendam
394 3742 531 3800 rationem
545 3746 644 3802 horum
658 3745 826 3816 studiorum,
841 3745 990 3806 exstitisse.
1030 3742 1129 3808 Qubd

1129 3841 1149 3874 ἒ
