2516 4204
339 292 474 346 carno
490 291 559 344 sno
575 291 606 344 r.
618 247 735 346 'mmo
750 289 897 348 maora.
1089 301 1145 360 ur

176 435 245 494 Nec
259 433 325 492 rerd
338 436 380 492 sic
393 445 455 494 erat
473 454 599 509 unquam
612 454 670 494 non
683 447 795 510 paratus
813 435 884 494 Milo
896 448 993 496 conus
1007 437 1097 510 illum,

135 525 243 572 utnon
256 514 322 570 satis
335 510 394 568 sere
409 523 485 569 esset
497 523 620 586 paratus.
662 513 780 587 Semper
793 514 849 584 ille,
864 525 892 570 et
904 525 1040 590 quantum
1054 516 1098 572 in·

137 602 256 650 teresset
275 589 307 648 Ρ.
328 589 432 659 Clodii,
461 609 492 646 se
512 589 613 663 perire,
634 601 663 646 et
688 600 793 662 quanm
814 590 854 646 illi
877 591 943 648 odio
962 604 1047 663 esset,
1066 603 1096 650 et

137 679 272 742 quantum
287 667 334 724 ille
355 667 482 736 auderet,
497 666 646 740 cogitabat.
686 665 882 727 Quamobrem
903 669 987 724 vitam
1005 687 1095 740 suam,

134 764 219 819 quam
233 744 366 801 maximis
378 744 502 817 premiis
513 743 683 817 propositam
697 754 726 799 et
738 739 813 817 pene
825 745 966 802 addictam
980 745 1096 816 sciebat,
1111 749 1130 802 5

135 840 284 895 nunquam
304 822 335 876 in
348 820 505 894 perieulum
519 820 582 876 siue
602 819 732 893 praesidio
747 831 777 876 et
789 820 852 876 sine
872 822 1001 878 custodit
1015 822 1098 896 proji-

137 899 241 954 ciebat.
283 897 368 952 Adde
388 914 478 967 casus,
492 896 564 952 adde
585 896 707 952 incertos
726 897 818 952 exitus
831 915 999 971 pugnarum,
1021 897 1098 956 Mar·

139 985 254 1048 temque
265 991 456 1042 communem3
471 974 518 1047 qui
532 991 607 1046 sape
617 971 785 1047 spoliantem
796 973 853 1047 jam
868 985 897 1030 et
909 975 1096 1032 exsultantem

139 1051 247 1120 evertit,
268 1060 296 1106 et
308 1050 428 1124 perculit
441 1051 478 1106 ab
491 1049 609 1123 abjecto.
650 1049 733 1106 Adde
748 1049 889 1106 inscitiam
902 1052 1007 1125 pransi,
1027 1051 1096 1125 poti,

137 1127 282 1184 oscitantis
293 1127 386 1196 ducis,
393 1127 453 1199 qui,
467 1123 558 1182 crima
568 1136 647 1200 tergo
657 1125 766 1182 hostem
778 1125 960 1184 interclusum
971 1128 1097 1202 reliquis·
1111 1133 1146 1186 lc

135 1215 188 1275 set,
203 1203 274 1266 nihil
295 1203 331 1259 de
349 1203 411 1277 ejus
430 1203 563 1260 extremis
577 1201 726 1258 comitibus
747 1203 895 1277 cogitarit3
915 1203 946 1260 in
959 1223 1040 1279 quos,
1056 1205 1097 1262 in-

135 1299 237 1338 censos
250 1280 305 1350 ira,
315 1280 457 1354 vitamque
471 1279 581 1338 domini
591 1279 780 1352 desperantes,
792 1277 858 1336 edm
873 1281 1030 1352 incidisset,
1041 1282 1097 1338 han·

136 1359 216 1414 sitin
230 1357 266 1412 iis
285 1358 388 1430 poenis,
402 1373 472 1429 quas
486 1357 522 1412 ab
535 1374 570 1412 eo
590 1355 662 1410 servi
675 1354 773 1411 fideles
786 1374 837 1429 pro
849 1357 956 1414 domini
970 1359 1028 1416 viu
1048 1377 1096 1416 ex·

135 1436 304 1508 petiverunt
345 1432 404 1488 Cur
418 1432 504 1505 igitur
518 1450 568 1488 eos
581 1431 765 1487 manumisitl
805 1431 960 1504 Metuebat,
975 1435 1095 1506 scilicet,

138 1528 177 1566 ne
186 1510 360 1574 indicerent3
375 1527 412 1563 ne
422 1508 546 1564 dolorem
556 1507 679 1582 perferre
691 1526 749 1564 non
759 1519 887 1581 possent3
901 1527 938 1565 ne
948 1511 1096 1568 tormentis
1112 1519 1145 1574 15

139 1597 318 1660 cogerentur,
338 1584 465 1641 occisum
485 1603 580 1640 essen
600 1585 687 1640 servis
701 1583 818 1641 Milonis
837 1585 867 1640 in
888 1586 983 1662 Appit
997 1587 1042 1644 vis
1063 1587 1094 1644 Ρ.

137 1664 283 1732 Clodium,
306 1660 441 1719 confiteri.
482 1660 563 1720 Quid
583 1679 654 1735 opus
678 1672 721 1718 est
740 1663 864 1719 tortorel
887 1663 954 1736 quid
973 1664 1096 1738 querisl

137 1739 330 1798 occideritnel
350 1737 464 1794 occidit.
505 1737 588 1808 Jure,
600 1755 637 1794 an
653 1737 777 1812 injuriat
798 1739 869 1795 nihil
890 1739 928 1798 ad
947 1751 1095 1798 tortorem:

140 1818 208 1874 sacti
222 1815 343 1872 enimin
357 1814 477 1886 equuleo
490 1813 606 1886 quaestio
618 1824 670 1883 est,
682 1813 754 1888 juris
768 1814 798 1870 in
810 1815 926 1888 judicio.

179 1891 282 1948 XXll.
322 1889 409 1950 Quod
425 1890 510 1964 igitur
524 1891 553 1946 in
572 1891 657 1946 causd
670 1891 853 1965 quaerendum
868 1903 921 1964 est,
936 1892 965 1949 id
980 1911 1097 1968 agnuam
1110 1892 1147 1948 m

137 1969 205 2029 hic:
226 1969 301 2044 quod
322 1967 469 2024 tormentis
489 1967 616 2024 invenire
636 1968 687 2040 ris,
701 1968 731 2024 id
753 1969 879 2026 latemur.
921 1968 1010 2028 Manu
1031 1969 1096 2030 vero

137 2069 188 2106 cnr
208 2047 326 2116 miserit,
350 2045 375 2102 si
397 2045 426 2102 id
446 2041 540 2120 potitis
560 2045 674 2119 quaerix,
697 2043 782 2119 quim
803 2065 855 2104 cnr
874 2065 973 2122 parum
996 2049 1097 2124 amplis

137 2125 263 2184 affecerit
272 2123 412 2199 praemiis;
427 2122 522 2178 nescis
533 2122 644 2178 inimici
656 2121 759 2180 sactum
769 2125 983 2198 reprehendere.
1017 2125 1097 2184 Dixit

137 2205 215 2260 enim
229 2202 277 2257 hic
291 2202 378 2270 idem,
390 2200 440 2274 qui
459 2199 556 2255 omnia
569 2217 680 2273 semper
699 2211 862 2258 constanter
882 2211 912 2256 et
924 2199 1040 2270 fortiter,
1056 2200 1096 2257 M.

139 2281 224 2349 Cato,
245 2278 370 2350 dixitque
397 2277 427 2332 in
447 2276 610 2332 turbulentia
638 2277 776 2334 concione
799 2276 875 2352 (quaa
896 2288 990 2334 tamen
1011 2277 1097 2354 hujus
1110 2279 1147 2336 ΕΞ

139 2355 305 2414 auctoritate
324 2353 434 2429 placata
447 2352 514 2429 est),
528 2373 585 2410 non
607 2353 734 2410 libertate
755 2352 855 2426 solirm,
870 2356 919 2412 sed
940 2356 1025 2414 etiam
1039 2375 1098 2414 om·

135 2435 222 2493 nibus
241 2431 377 2508 praemiis,
388 2431 570 2506 dignissimos
592 2431 689 2502 luisse,
704 2432 753 2506 qui
774 2433 882 2490 domini
903 2445 989 2509 caput
1002 2433 1098 2492 defen·

137 2513 253 2568 dissent.
292 2509 382 2569 Quod
396 2509 473 2564 enim
486 2508 636 2581 praemium
656 2509 723 2566 satis
738 2528 871 2585 magnum
885 2522 928 2567 est
941 2521 999 2568 tam
1013 2511 1099 2570 bene·

137 2587 220 2656 volis,
234 2597 290 2640 tam
304 2585 400 2652 bonis,
409 2595 468 2638 tam
481 2585 613 2639 fidelibus
624 2586 720 2656 servis,
730 2599 842 2662 propter
857 2605 926 2662 quos
939 2588 1025 2644 vivitl
1044 2590 1097 2646 eui

136 2665 168 2723 id
189 2662 307 2738 quidem
326 2677 385 2715 non
405 2659 476 2716 tanti
496 2669 548 2730 est,
562 2658 647 2734 qudm
666 2660 749 2736 qudd,
769 2674 880 2740 propter
900 2663 1026 2734 eosdem,
1040 2683 1098 2722 non
1112 2669 1147 2724 30

137 2739 283 2816 sanguine
310 2747 339 2793 et
359 2735 521 2792 vulneribus
545 2736 604 2794 suis
631 2739 816 2798 crudelissimi
837 2739 947 2798 inimici
974 2751 1098 2797 mentem

130 2817 292 2890 oculosque
305 2813 421 2872 satiavit.
456 2813 539 2876 Quos
553 2815 609 2875 nisi
622 2820 841 2889 manumisisset,
855 2819 1001 2876 tormentis
1014 2817 1099 2876 etiam

138 2894 261 2953 dedendi
274 2893 393 2949 luissent
402 2904 612 2950 conservatores
623 2895 741 2968 domini,
752 2896 856 2954 ultores
870 2897 994 2968 sceleris,
1005 2897 1100 2955 defen·

135 2993 215 3032 sores
229 2971 319 3028 necis.
361 2969 421 3026 Hic
434 2967 500 3026 vero
515 2971 587 3027 nihil
608 2973 693 3030 habet
708 2973 738 3028 in
752 2973 796 3029 his
810 2973 901 3042 malis,
915 2975 989 3046 quod
1003 2971 1099 3031 minias

135 3046 255 3110 moleste
277 3049 358 3118 ferat,
372 3045 468 3122 qudm,
482 3047 568 3104 etism
586 3047 691 3123 siquid
712 3049 766 3123 ipsi
788 3048 910 3119 accidat,
924 3066 986 3104 esse
1005 3059 1099 3108 tamen
1114 3061 1149 3114 35

134 3129 191 3186 illis
205 3129 337 3184 meritum
352 3124 501 3200 praemium
514 3125 695 3198 persolutum.

145 3203 146 3206 ’
179 3205 236 3259 Sed
249 3205 418 3278 quaestiones
432 3213 534 3290 urgent
547 3200 696 3272 Milonem,
707 3221 770 3276 quse
784 3214 850 3260 sunt
863 3204 964 3262 habitae
978 3221 1057 3261 nunc
1071 3203 1101 3262 in

139 3280 213 3336 atrio
222 3279 382 3336 Libertati.
415 3279 599 3340 Quibusnam
610 3281 647 3352 dc
656 3279 764 3335 servisl
784 3281 887 3354 rogasl
908 3281 943 3336 de
954 3281 986 3336 P.
999 3282 1100 3340 Clodii.

138 3357 219 3418 Quis
245 3375 293 3412 eos
317 3357 485 3432 postulavitl
525 3357 646 3430 Appius.
686 3355 764 3415 Quis
790 3357 941 3430 produxitl
981 3359 1100 3434 Appius.

137 3434 245 3492 Undel
266 3433 301 3489 sb
311 3433 412 3508 Appio.
452 3433 503 3490 Dii
514 3433 600 3490 boni!
621 3433 688 3506 quid
702 3443 793 3506 potest
807 3433 853 3508 agi
877 3435 1022 3492 severius?
1056 3435 1101 3494 De
1116 3447 1151 3501 4ο
1241 3441 1242 3446 ’

134 3512 228 3571 serris
249 3509 326 3566 nulla
345 3511 462 3586 quaestio
475 3521 519 3567 est
532 3510 562 3566 in
576 3509 733 3580 dominum,
747 3509 803 3565 nisi
822 3511 857 3567 de'
873 3511 993 3582 incestu,
1004 3523 1035 3568 ut
1050 3513 1103 3570 fuit

133 3593 166 3649 in
180 3588 328 3647 Clodium.
368 3584 499 3644 Proxime
514 3586 592 3643 Deos
606 3587 727 3644 accessit
745 3587 874 3660 Clodius,
887 3587 1003 3664 propius
1017 3585 1103 3658 quim

122 3679 205 3741 tum,
221 3663 293 3724 ciam
315 3665 350 3720 ad
364 3665 438 3738 ipsos
451 3663 630 3738 penetratam
653 3663 734 3736 cujus
754 3663 790 3720 de
803 3677 904 3735 morte,
917 3677 1056 3736 tanquam·
1067 3661 1115 3736 de.

134 3742 319 3805 ttaeremonlls
340 3741 458 3812 violatis,
472 3739 615 3813 quaeritur.
656 3737 715 3792 Sed
727 3749 824 3795 tamen
837 3739 958 3809 majores
971 3735 1058 3784 nostri
1072 3743 1102 3780 ιη
