2542 4212
114 297 154 362 58
390 297 525 348 ORATIO
540 297 611 348 PRO
626 298 723 348 LEGE
738 297 904 350 MAMLIA.

165 441 201 498 ad
214 439 379 514 expilandos
399 439 490 498 socios
509 439 738 514 diripiendasque
755 441 925 514 provincias,
945 459 1017 514 quos
1037 441 1125 500 volue-

165 527 240 586 rant,
254 515 361 590 legstos
373 517 539 585 eduxerint3
554 536 592 573 an
607 518 677 591 ipse,
693 518 774 592 eujus
787 518 850 592 lege
865 513 941 574 sal'us
956 537 991 574 ao
1004 519 1125 593 dignitas

164 593 269 668 populo
287 593 424 651 Romano
436 605 518 668 atque
541 595 674 652 omnibus
690 595 822 670 gentibus
843 595 997 652 constituta
1010 606 1063 664 est,
1083 615 1126 654 ex·

164 689 229 744 pers
243 690 305 726 esse
319 671 403 728 debet
423 672 519 746 glories
534 671 595 746 ejus
610 671 785 746 imperatoris
803 683 886 745 atque
900 672 961 746 ejus
975 672 1125 745 exercitiis,

131 748 212 820 squi
237 747 356 805 oonsilio
376 749 465 822 ipsius
485 759 568 823 atque
588 749 715 822 periculo
738 761 781 806 est
801 749 988 806 constitutusi
1029 749 1079 806 An
1093 751 1125 806 Ο.

166 823 322 895 Falcidius,
335 825 375 886 Q.
391 825 534 896 Metellus,
547 825 587 886 Q„
603 826 713 882 Coelius
727 826 910 897 Latiniensis,
924 826 978 882 Cn.
990 825 1126 884 Lentulus

166 899 252 1034 &quos
276 919 375 958 omnes
401 901 515 957 honoris
537 902 626 958 causti
647 903 788 978 nomino),
817 902 884 960 crim
910 903 1126 977 tribuniplebis

95 986 103 1017 ·:
197 978 294 1046 issent,
317 996 392 1034 enno
413 977 542 1052 proximo
559 977 645 1052 legati
666 997 728 1034 esse
750 990 919 1053 potuerunt;
941 981 972 1036 in
992 981 1048 1036 hoo
1070 1000 1126 1040 uuo

165 1053 290 1110 Gabinio
312 1065 379 1111 sunt
400 1065 458 1111 tam
480 1055 640 1129 diligentes,
660 1055 707 1128 qui
730 1056 759 1112 in
781 1056 837 1112 hoo
858 1058 942 1127 bello,
964 1058 1041 1130 quod
1065 1057 1126 1133 lege

116 1129 150 1182 10
166 1131 293 1188 Gabinis
305 1133 421 1206 geritur,
436 1133 465 1188 in
480 1133 534 1189 hoo
548 1132 714 1207 imperatore
732 1143 815 1207 atque
830 1134 967 1204 exercitu,
980 1153 1064 1208 quem
1077 1154 1126 1208 per

168 1206 244 1338 [ros]
262 1209 321 1281 ipse
342 1209 496 1279 constituit,
517 1209 603 1266 etiam
616 1210 761 1284 praeoipuo
779 1211 843 1284 jure
856 1230 919 1268 esse
935 1212 1071 1268 deberet?
1091 1213 1126 1268 de

165 1303 220 1356 quo
243 1285 363 1358 egendo,
379 1303 460 1360 spero
473 1286 605 1342 eonsules
625 1287 661 1342 ad
682 1297 813 1342 senatum
836 1288 980 1344 relaturos.
1021 1287 1082 1348 Qui
1103 1289 1126 1344 si

165 1360 344 1431 dubitabunt,
366 1373 414 1418 aut
434 1363 641 1436 gravabuntur3
663 1381 719 1436 ego
737 1382 783 1418 me
801 1364 933 1437 profiteor
953 1365 1125 1434 relaturum

165 1455 258 1511 neque
272 1456 317 1494 me
332 1439 468 1514 impediet
479 1439 655 1513 cujusquam,
673 1439 815 1510 Quirites,
829 1441 979 1498 inimicum
992 1442 1126 1512 edietum,

117 1515 150 1568 15
166 1511 327 1590 quominus,
347 1517 436 1574 fretus
456 1516 542 1586 vobis,
571 1529 694 1584 vestrum
711 1517 758 1591 jus
779 1517 1005 1591 beneficiumque
1032 1519 1127 1574 defen·

166 1593 252 1649 dam:
273 1611 375 1666 neque,
390 1605 489 1668 praeter
509 1594 754 1666 interoessionem,
771 1595 924 1668 quidquam
938 1596 1071 1663 audiam3
1091 1596 1127 1652 de

165 1669 222 1744 quti
239 1669 284 1742 (ut
298 1671 428 1744 arbitror)
445 1670 577 1742 isti-ipsi,
592 1672 640 1742 qui
658 1672 811 1739 minentur,
833 1671 918 1724 etiam
934 1682 1016 1741 atque
1030 1672 1128 1743 etiam,

165 1743 232 1816 quid
243 1745 336 1814 liceat,
350 1745 577 1802 oonsiderebunt.
612 1745 680 1801 Meti
693 1745 807 1817 quidem
821 1745 971 1813 sententie,
985 1744 1128 1817 Quirites,

165 1837 240 1878 unus
255 1821 291 1878 A.
306 1821 457 1894 Gabinius,
472 1821 539 1880 belli
554 1822 687 1880 maritimi
700 1839 850 1895 rerumque
861 1831 1005 1895 gestarum
1019 1832 1128 1894 auctor,

114 1896 151 1952 20
167 1916 264 1956 eomes
278 1899 332 1956 Cn.
347 1899 483 1975 Pompeio
495 1900 680 1958 adscribitur:
700 1911 848 1974 propterea
860 1896 936 1972 qudd
951 1898 1019 1956 aiter
1034 1899 1084 1955 uni
1098 1899 1128 1956 id

166 1975 272 2031 bellurn
285 1978 498 2048 suscipiendum
517 1977 616 2032 uestris
629 1976 772 2046 suffragiis
785 1977 900 2042 detulit;
920 1976 989 2030 alter
1002 1975 1128 2032 delatum

165 2062 381 2124 susoeptumque
396 2051 527 2106 oonseoit.

204 2125 272 2180 XX.
308 2125 463 2195 Reliquum
482 2137 535 2193 est,
553 2137 585 2182 ut
598 2127 635 2183 de
653 2125 693 2188 Q
712 2124 808 2184 Catuli
830 2127 996 2184 auctoritate
1017 2139 1046 2186 et
1064 2147 1129 2186 serr·

165 2201 255 2257 sentit
268 2200 423 2255 dicendum
433 2218 498 2254 esse
510 2201 646 2256 videatur.
686 2199 748 2260 Qui
759 2199 826 2258 otim
839 2220 875 2258 ex
888 2203 967 2259 vobis
980 2213 1127 2276 quaereret,

114 2279 150 2334 25
168 2277 192 2333 si
206 2278 236 2334 in
250 2297 307 2334 uno
329 2276 384 2332 Cn.
399 2275 533 2350 Pompeio
555 2279 651 2334 omnia
668 2279 820 2352 poneretis,
844 2279 869 2334 si
882 2280 950 2352 qutd
972 2299 1008 2336 eo
1022 2281 1128 2338 sautum

167 2366 250 2425 esset,
266 2355 296 2410 in
316 2372 372 2426 quo
385 2372 465 2427 spem
483 2354 583 2410 essetis
597 2354 719 2410 habituri
728 2373 735 2421 ;
758 2356 835 2429 oepit
849 2374 983 2446 magnum
1002 2375 1060 2412 sus}
1074 2356 1129 2412 vir·

166 2431 234 2486 tutis
248 2431 379 2501 frustum,
401 2449 437 2486 ao
449 2430 604 2504 dimritstis,
620 2429 686 2486 odm
701 2449 809 2501 omnes,
831 2441 917 2504 prope
933 2432 990 2486 und
1004 2451 1082 2502 vooe,
1096 2433 1129 2489 in

166 2526 200 2564 eo
219 2509 283 2582 ipso
299 2527 347 2565 vos
364 2527 443 2583 spem
461 2507 604 2566 habituros
621 2525 684 2564 esse
704 2506 822 2564 dixistis.
864 2505 979 2563 Etenim
1000 2507 1063 2564 talis
1083 2518 1130 2566 est

166 2585 218 2656 vir,
233 2597 264 2643 ut
285 2586 364 2646 nulia
376 2605 422 2643 res
435 2596 513 2644 tenta
526 2586 563 2644 sit
583 2605 617 2644 ao
630 2597 689 2642 tam
702 2584 836 2656 diffieilis,
857 2603 942 2660 quom
956 2585 1003 2640 ille
1018 2603 1083 2660 non
1099 2595 1130 2642 et

114 2665 151 2720 30
168 2664 288 2722 oonsilio
299 2683 408 2741 regere,
421 2675 451 2722 et
471 2664 633 2742 integritate
645 2663 730 2735 tueri,
744 2675 773 2721 et
786 2663 889 2720 virtute
903 2662 1052 2734 conficere,
1066 2681 1129 2736 pos·

167 2741 211 2798 sit.
254 2744 310 2800 Sed
331 2744 359 2799 in
377 2744 431 2799 hoo
445 2743 505 2816 ipso
519 2743 558 2800 ab
568 2763 604 2800 eo
621 2737 868 2798 vehementissime
883 2741 1027 2810 dissentio,
1041 2735 1128 2812 qubd,

166 2837 224 2891 quo
236 2816 332 2873 minirs
352 2828 430 2872 oerta
443 2827 486 2871 est
506 2818 655 2872 hominurn
670 2835 704 2870 uo
725 2814 821 2870 minim
841 2817 975 2872 diuturna
992 2817 1058 2886 vita,
1073 2816 1130 2872 hoo

167 2893 258 2964 magis
271 2891 439 2962 respublioa,
452 2891 520 2944 dnm
535 2908 584 2961 per
598 2889 678 2944 Deos
698 2889 869 2944 immortales
882 2889 960 2958 lieet,
975 2893 1030 2945 srui
1045 2893 1132 2949 debet

166 2967 270 3022 summi
284 2965 406 3022 hominis
420 2963 476 3019 vitri
491 2975 573 3037 atque
587 2964 697 3019 virtute.

116 3048 151 3102 35
173 3101 175 3106 ,
207 3043 248 3100 At
260 3043 337 3100 enim
353 3041 424 3100 nihil
438 3041 503 3098 novi
514 3041 562 3098 fiat
576 3051 675 3098 contra
687 3039 816 3115 exempla
834 3050 916 3113 atque
930 3039 1058 3096 instituta
1071 3060 1131 3098 ma-

165 3120 266 3197 jorum.
307 3119 375 3176 Non
389 3120 455 3175 dieo
470 3119 523 3176 hoo
536 3119 610 3188 loeo,
624 3118 743 3192 majores
757 3128 865 3174 nostros
877 3134 998 3190 semper,
1012 3117 1042 3174 in
1056 3137 1130 3192 paee

168 3194 378 3263 eonsuetudini,
400 3195 430 3249 in
453 3195 527 3250 bello
544 3195 667 3265 utilitati,
680 3194 823 3268 paruisse;
844 3209 964 3268 semper,
982 3195 1019 3250 ad
1040 3212 1131 3252 novos

167 3292 250 3332 ossus
274 3283 444 3346 temporum,
464 3289 598 3328 novorum
619 3271 802 3330 oonsiliorum
822 3271 945 3328 rationes
970 3290 1131 3330 accommo-

167 3351 266 3407 disse:
288 3369 345 3406 non
359 3349 463 3420 dicam,
485 3348 542 3406 duo
556 3348 629 3406 bella
642 3349 775 3420 maxima,
796 3348 938 3406 Punicum
952 3361 982 3406 et
994 3349 1130 3425 Hispani-

116 3433 246 3498 w-ense,
266 3429 374 3486 abnuo
398 3427 564 3504 impemtore
584 3445 647 3486 esse
662 3427 810 3496 oonseeta3
834 3428 903 3484 duas
925 3428 1010 3484 urbes
1030 3439 1128 3502 poten-

121 3565 123 3570 ,
167 3507 300 3576 tissimus,
307 3523 369 3581 que
384 3507 452 3564 huie
461 3503 709 3582 imperiomaximd
722 3505 911 3575 minabantur,
925 3503 1129 3580 Carthaginem

168 3596 249 3660 saque
274 3581 470 3655 Numantiam,
489 3585 525 3642 ab
552 3585 653 3642 eodem
678 3585 813 3660 Scipione
834 3601 897 3638 esse
924 3582 1047 3640 deletas:
1067 3598 1127 3638 noa

168 3659 403 3729 commemorabo,
414 3679 503 3733 nuper
514 3662 553 3718 ita
567 3663 646 3720 vobis
652 3663 833 3738 patribusque
843 3658 943 3714 restris
953 3677 1018 3716 esse
1025 3660 1129 3728 visum,

167 3750 200 3800 ut
222 3739 252 3796 in
273 3753 332 3794 uno
356 3734 391 3794 C.
411 3734 504 3793 Marto
524 3757 589 3814 spes
609 3738 720 3811 imperii
738 3746 899 3811 poneretur,
920 3746 952 3794 ut
970 3737 1046 3794 idem
1061 3751 1131 3796 oum
