2542 4212
125 318 164 376 74
425 289 559 392 enarre
575 299 644 376 eno
662 313 871 370 nurerum.
978 389 981 396 Ι

174 457 242 526 bito,
261 455 330 528 quin
349 454 573 530 admiratps'sis,
588 454 630 510 vel
652 450 727 526 qudd
749 453 785 508 de
799 452 877 520 nulio
892 451 949 508 alic
970 450 1123 524 quisquam,

173 534 215 589 vel
233 533 348 605 quodis
370 531 462 604 quiin
483 532 583 588 eadem
603 530 689 586 causa
711 531 817 599 suisset,
838 527 881 586 vel
904 527 1040 601 quidnam
1061 528 1124 584 novi

173 609 305 666 facinoris
319 609 437 665 afferret.
479 608 579 670 Scelus
591 619 623 664 tu
633 607 705 666 illud
716 605 962 676 ,vocaS,‘Tnberoi
982 605 1053 660 curi
1075 604 1125 660 istc
1190 627 1192 630 ·

172 686 250 742 enim
271 687 386 745 nomine
400 685 448 742 ilia
461 686 554 740 adhuc
575 702 664 754 causa
677 683 785 740 caruit·
816 682 875 738 Alii
895 683 1017 738 errorem
1036 679 1125 754 appel·

138 772 156 824 5
173 763 247 838 lant,
263 764 319 833 alii,
340 763 469 820 timorem
482 782 499 830 ;,
512 761 559 834 qui
575 758 684 841 duritia,
705 778 803 834 spem„
814 758 1006 832 cupiditatem,
1020 758 1125 827 odium,

172 839 372 912 pertinaciam
387 840 436 910 qui
450 835 625 910 gravissime,
639 835 840 892 temeritatem:
859 835 961 905 scelus,
974 844 1074 908 preter
1089 844 1125 905 te,
1217 894 1220 898 ,
1265 885 1266 894 ,

173 917 266 980 adhuc
279 933 370 970 nemo.
404 910 449 968 A'c
463 911 534 970 mihi
543 913 666 984 quidem,
680 913 704 967 si
718 913 860 985 proprium
871 923 900 968 et
913 929 1008 967 verum
1022 929 1126 967 nomen

172 989 259 1046 no‘stri
282 989 349 1045 mali
367 993 527 1061 queratur,
551 989 641 1044 fatalis
667 989 796 1061 quae'dam
818 989 964 1045 calamitas
992 987 1125 1044 incidisse

173 1065 290 1136 videtur,
318 1077 347 1121 et
372 1066 540 1138 improvidas
566 1065 712 1121 hominum
737 1075 847 1122 mentes
869 1064 1069 1139 occupavisse3
1096 1075 1126 1120 ut

124 1153 157 1206 10
173 1161 256 1200 nemo
270 1143 365 1198 mirari
379 1143 488 1210 debeat,
504 1143 626 1198 humana
639 1141 757 1202 consilia
775 1141 874 1202 divini.
885 1141 1051 1198 necessitate
1065 1159 1127 1198 esse

172 1229 311 1290 superata.
332 1213 342 1271 .'
371 1273 373 1280 s
542 1240 545 1245 ¹
665 1288 668 1294 Ι

211 1293 310 1350 Liceat
322 1311 383 1349 esse
397 1293 527 1348 miseros:
541 1312 710 1366 quanquam,
724 1295 777 1350 hoc
788 1295 907 1365 victore,
920 1313 982 1350 esse
996 1313 1052 1351 non
1066 1313 1127 1369 pos-

172 1388 277 1424 sumus.
318 1369 375 1425 Sed
389 1388 446 1426 non
460 1369 556 1442 loquor
575 1371 724 1426 denobis:
746 1371 781 1426 de
795 1371 853 1426 illis
864 1371 971 1444 loquor,
990 1369 1039 1444 qui
1052 1373 1126 1428 occi·

172 1443 283 1506 derunt.
324 1445 443 1501 Fuerint
468 1447 574 1520 cupidi,
599 1447 704 1504 suerint
727 1447 799 1518 irati,
824 1448 928 1504 fuerint
950 1449 1126 1522 pertinaces:

122 1535 156 1587 15
172 1523 286 1579 sceleris
297 1519 362 1578 veri)
378 1523 507 1593 crimine,
521 1523 630 1594 suroris,
650 1525 804 1600 parricidii,
819 1525 903 1582 liceat
923 1523 981 1580 Cn.
994 1525 1128 1600 Pompeio

171 1611 291 1670 mortuo,
313 1600 401 1656 liceat
411 1600 506 1656 multis
523 1601 723 1677 'aliiq'carera
756 1601 890 1676 Quando
902 1602 958 1658 hoc
981 1597 1129 1675 quisquam

172 1677 208 1730 eri
223 1687 260 1746 te,
282 1677 389 1746 Caesar,
412 1677 537 1732 audivit?
558 1687 606 1745 aut
619 1683 667 1732 tu'a
684 1677 751 1748 quid
772 1678 847 1732 aliud
868 1695 945 1732 arma
970 1677 1129 1750 voluerunt,

173 1751 269 1812 nisiae
288 1763 316 1808 te
340 1753 542 1809 contumeliam
561 1753 741 1827 propulsaret
760 1753 828 1826 quid
851 1753 910 1826 egit
928 1762 994 1808 tuus
1018 1753 1064 1809 illc
1085 1756 1131 1828 in-

172 1829 263 1884 victus
290 1829 439 1901 exercitus,
466 1830 522 1886 nisi
549 1841 581 1886 ut
607 1849 689 1886 snum
715 1829 761 1904 jus
788 1839 924 1900 tueretur,
952 1839 981 1886 et
1006 1830 1129 1904 dignita·

121 1903 156 1970 20
172 1915 230 1962 tem
254 1909 351 1963 tuami
391 1907 494 1982 Quid?
520 1917 561 1977 tu,
584 1905 653 1964 num
678 1926 777 1982 pacem
799 1925 861 1964 esse
887 1906 1032 1981 cupiebas,
1060 1908 1128 1970 idne

173 1984 292 2054 agebas„
305 1993 336 2037 nt
349 1983 400 2037 tibi
414 2001 480 2036 cum
494 1984 647 2053 sceleratis,
662 2004 698 2048 an
713 1995 744 2039 ut
757 2003 823 2039 cum
834 1984 917 2040 bonis
930 1983 1049 2056 civibus,
1061 2003 1130 2041 con-

174 2057 303 2112 venireti
384 2091 388 2098 ·
581 2096 584 2102 ·
1025 2123 1027 2128 ¹

170 2177 172 2180 .
211 2131 285 2188 Mihi
299 2129 376 2204 verd,
397 2132 501 2203 Caesar,
516 2143 565 2190 tua
585 2134 615 2190 in
629 2155 675 2192 me
694 2135 816 2192 maxima
836 2137 936 2194 merita
959 2148 1037 2196 tanta
1050 2137 1127 2196 certe

172 2229 229 2274 non
244 2209 412 2280 viderentur,
427 2211 451 2266 si
464 2229 519 2282 me,
534 2222 565 2268 ut
579 2213 757 2283 sceleratum,
770 2224 825 2270 ate
839 2225 1035 2272 conservatum
1047 2226 1128 2290 puta-

120 2289 156 2342 25
172 2306 239 2344 rem.
279 2283 432 2367 Quomudo
452 2298 545 2350 autam
559 2301 589 2346 tu
611 2291 646 2345 de
660 2291 804 2364 republica
815 2287 891 2346 bend
913 2293 1029 2349 meritus
1041 2312 1129 2366 esses,

170 2363 196 2418 si
217 2373 257 2418 tot
274 2361 580 2420 sceleratnsf'incolumi
601 2367 739 2438 dignitate
759 2385 821 2422 esse
839 2367 996 2424 voluissent
1030 2370 1131 2428 Seces-

172 2439 280 2506 sionem
294 2447 324 2493 tu
338 2437 414 2492 illam
425 2439 627 2509 existimavisti,
642 2440 747 2510 Cesar,
759 2441 848 2510 initio,
857 2460 920 2518 ¹non
932 2444 1055 2512 bellnm;
1070 2466 1132 2504 non

172 2515 270 2572 hostile
299 2514 405 2584 odium,
426 2514 477 2569 sed
504 2515 586 2572 civile
607 2515 775 2584 dissidinm;
802 2517 927 2590 utrisque
948 2519 1132 2594 cupientibus

127 2591 132 2599 '
172 2592 372 2667 rempublicam
393 2591 506 2662 salvam,
527 2593 577 2648 sed
591 2593 691 2667 partim
705 2593 842 2664 consiliis,
860 2596 964 2668 partim
978 2597 1089 2670 studiis,
1111 2620 1130 2657 a

121 2675 156 2728 30
173 2667 317 2729 communi
341 2669 460 2726 utilitate
483 2669 687 2726 aberrantibus.
727 2669 893 2746 Principum
922 2672 1044 2748 dignitus
1069 2688 1131 2734 erat

172 2745 246 2822 perid
260 2767 325 2820 par;
348 2742 405 2802 non
425 2765 475 2820 par
493 2746 608 2804 fortasse
629 2767 737 2818 eorum,
751 2747 798 2820 qui
820 2749 1022 2821 sequebantur:
1044 2771 1131 2810 causa

67 2877 73 2886 ,
173 2835 233 2879 tum
247 2820 431 2892 dubia‚.qudd
443 2832 504 2876 erat
525 2823 630 2913 aliquid
645 2823 675 2878 in
689 2823 808 2896 utraque
821 2835 910 2898 parte,
929 2829 1003 2900 quod
1016 2831 1131 2903 probari

171 2908 280 2970 posset:
302 2914 380 2952 nunc
393 2897 490 2950 melior
505 2908 582 2952 certe
598 2916 632 2952 ea
649 2893 804 2971 judicanda
816 2912 869 2972 est,
882 2921 966 2976 quam
979 2905 1064 2961 etium
1077 2906 1130 2964 Dii

49 3043 55 3050 Α
173 2972 346 3046 adjuverunt.
387 2971 510 3045 Cognita
524 2970 589 3042 veri>
604 2973 756 3032 clementia
770 2977 828 3048 tuit,
849 2981 911 3052 quis
924 2998 982 3036 non
995 2999 1058 3036 eam
1071 2968 1132 3038 vic-

121 3057 156 3108 35
172 3049 280 3106 toriam'
287 3049 394 3125 probet,
409 3049 439 3105 in
452 3049 508 3123 qud
521 3051 657 3108 occiderit
670 3071 763 3124 nemo,
777 3054 833 3112 nisi
847 3049 988 3130 armatus?
1113 3121 1116 3126 ,

211 3127 279 3184 VII.
315 3128 382 3196 Sed,
403 3137 434 3182 ut
446 3127 572 3184 omittam
594 3147 772 3186 communem
789 3148 911 3203 causam,
932 3135 1077 3191 veniamus
1091 3138 1131 3193 ad

173 3215 303 3260 nostram.
344 3199 444 3258 Utrum
466 3205 579 3277 tandem
600 3206 743 3262 existimas
758 3207 868 3264 facilius
889 3209 983 3280 fuisse,
998 3209 1131 3284 Tubero,

172 3279 288 3351 Ligario
302 3298 337 3334 ex
358 3278 457 3335 Africa
477 3280 564 3349 exire,
579 3300 615 3336 an
635 3283 715 3338 vobis
736 3283 765 3338 in
786 3284 912 3342 Africam
932 3305 989 3344 non
1009 3289 1131 3346 veniret

172 3353 382 3427 Poteramusne,
393 3357 506 3430 inquis,
521 3354 587 3412 crim
601 3368 715 3414 senatus
736 3362 915 3419 censuisset?
949 3363 981 3420 Si
994 3383 1041 3422 me
1061 3384 1131 3424 con·

122 3439 156 3492 40
172 3431 251 3501 sulis,
265 3433 342 3492 nullo
356 3434 447 3490 inodo.
489 3433 546 3490 Sed
559 3443 654 3504 tamen
667 3434 815 3510 Ligarium
837 3450 951 3496 senatus
965 3429 1041 3498 idem
1053 3441 1131 3517 lege·

161 3511 256 3562 ‘verat
298 3510 393 3582 Atque
415 3510 461 3566 ilie
481 3530 515 3568 eo
535 3521 659 3586 tempore
678 3515 780 3587 paruit,
801 3513 868 3572 cirnr
894 3535 992 3589 parere
1016 3519 1131 3575 senatui

171 3594 379 3640 necesse-erat:
399 3604 447 3640 vos
467 3597 527 3642 tum
546 3589 688 3662 paruistis,
709 3588 776 3646 crim
788 3591 880 3684 paruit
900 3609 993 3666 nemo,
1008 3595 1058 3668 qui
1077 3613 1133 3651 no-

172 3659 231 3716 luit.
273 3659 465 3732 Reprehendo
481 3663 584 3736 igitur?
605 3661 723 3720 minime
744 3684 829 3722 vero:
849 3663 941 3740 neque
955 3671 1034 3727 enim
1046 3669 1134 3728 licuit

172 3736 251 3794 aliter
269 3745 361 3792 vestro
379 3735 487 3810 generi,
507 3739 625 3810 nomini,
643 3740 766 3812 familiae,
787 3741 952 3816 disciplinae.
994 3747 1052 3803 Sed
1070 3747 1133 3806 hoc
