2516 4204
329 285 464 337 ORATIO
480 285 549 334 PRO
564 285 597 334 Τ.
614 284 727 334 ANNIO
743 285 891 337 MILONE.
1085 295 1141 355 1oe

126 438 252 506 gereret,
267 427 376 484 deferre
382 445 494 501 posses.
537 427 574 484 Et
588 428 716 502 adspexit
729 445 774 484 me
794 428 849 484 illis
861 429 975 503 quidem
989 432 1092 504 oeulis,

127 509 233 580 quibus
247 516 306 562 tum
319 505 435 574 solebat,
450 501 517 560 oiim
530 505 626 560 omnis
638 505 770 562 omnibus
784 505 952 564 minabatur.
993 506 1092 568 Movet

129 602 176 638 me
190 583 291 655 quippe
304 582 402 636 lumen
418 581 512 636 euriae.

169 658 254 714 XIII.
294 657 399 717 Quint
420 668 454 715 tu
472 675 518 712 me
541 657 654 728 iratum,
669 659 766 729 Sexte,
779 669 861 733 putas
883 661 945 732 tibi,
959 662 1040 736 eujus
1060 673 1092 720 tu

129 735 360 791 inimicissimum
374 730 464 789 multd
479 729 625 788 erudeliirs
638 735 724 790 etiam
738 736 853 808 punitus
873 755 915 807 es,
928 735 1014 810 quim
1034 749 1094 796 eret
1123 751 1141 804 5

129 811 315 867 humanitatis
330 828 402 865 mee
416 809 578 884 postularet
619 809 669 864 Tu
683 809 715 865 P.
737 811 831 866 Clodii
845 825 996 870 omentum
1010 815 1094 872 esde·

132 907 180 944 uer
204 887 315 960 eiecisti
337 887 430 956 domo,
447 896 477 942 tu
498 886 528 941 in
551 885 697 959 publieurn
721 887 867 961 abjecisti:
888 899 918 944 tu
943 890 1093 964 spoliatum

135 964 316 1036 imaginibus,
328 963 475 1036 exsequiis,
486 962 599 1036 pompi,
610 962 783 1033 leudedone,
795 963 997 1022 infelicissimis
1007 967 1093 1042 liguis
1151 975 1156 996 ‘

133 1040 368 1110 semiustulatum,
400 1039 547 1096 nocturnis
574 1039 693 1096 canibus
723 1039 918 1097 dilaniandum
948 1042 1092 1115 reliquisti.

134 1117 230 1178 Quam
251 1135 311 1172 reru
331 1117 386 1173 etsi
416 1114 526 1173 nelarie
558 1115 659 1186 iecisti,
679 1126 786 1190 temen,
806 1117 938 1190 quoniam
969 1119 998 1174 iu
1029 1137 1094 1178 meo
1110 1133 1143 1186 ιο

131 1195 249 1251 inimico
257 1194 453 1250 crudelitatem
467 1193 662 1268 exprompsisti
676 1203 764 1264 tuam,
774 1193 889 1251 laudere
899 1213 958 1252 non
968 1213 1093 1270 possum,

131 1272 215 1328 irasci
230 1269 307 1328 eerte
323 1290 380 1327 non
395 1271 493 1328 debeo.

171 1349 203 1404 P.
224 1348 321 1406 Clodii
343 1359 493 1423 praeturam
520 1364 578 1404 non
605 1348 667 1404 siue
691 1348 815 1404 maximo
839 1355 933 1407 reruin
956 1369 1093 1410 novarum

133 1436 211 1482 metu
224 1427 352 1499 proponi,
366 1437 396 1481 et
405 1425 523 1481 solutam
538 1425 596 1480 lore
609 1424 757 1494 videbatis,
772 1425 828 1480 uisi
841 1437 917 1483 esset
938 1429 962 1483 is
984 1429 1093 1500 consul,

134 1504 184 1574 qni
205 1520 268 1558 earn
289 1503 405 1558 auderet
427 1512 574 1575 possetque
602 1501 804 1574 constriugere.
853 1501 927 1558 Eum
954 1501 1094 1560 Milonem
1111 1515 1144 1570 15

135 1597 210 1649 esse,
225 1575 292 1637 oiim
302 1580 419 1636 sentiret
439 1579 584 1634 universus
603 1578 723 1653 populus
743 1576 913 1648 Romano„
933 1580 997 1655 quis
1015 1581 1095 1638 dubi·

132 1667 214 1726 taret,
228 1655 362 1732 suffragio
373 1675 434 1726 suo,
446 1675 477 1712 se
490 1667 577 1726 metu,
592 1655 719 1732 perieulo
733 1655 943 1730 rempublicam,
955 1656 1094 1716 liberaret

135 1735 176 1788 At
198 1731 296 1810 [nom]
318 1733 349 1790 P.
366 1734 468 1790 Clodio
488 1745 606 1803 remoto,
620 1731 730 1788 usitatis
747 1731 806 1806 jam
826 1733 910 1790 rebus
929 1735 1096 1792 enitendum

136 1819 181 1866 est
208 1809 318 1879 Miloni,
338 1821 370 1866 ut
396 1820 506 1866 tueatur
535 1811 700 1884 dignitatem
729 1827 818 1864 suam.
860 1809 1018 1884 Singularis
1039 1811 1095 1882 illa,

135 1886 206 1942 huic
220 1887 270 1942 uui
284 1905 419 1944 concessa
430 1885 528 1961 glorie,
542 1905 605 1960 quae
617 1885 740 1960 quotidie
759 1885 913 1960 augebatur
935 1885 1097 1961 frangendis
1110 1895 1146 1952 20

134 1963 275 2020 furoribus
296 1963 451 2034 Clodianis,
469 1963 528 2038 jem
550 1976 637 2020 morte
661 1963 762 2031 Clodii¹
776 1963 889 2020 eeeidit.
929 1963 988 2020 Vos
1001 1964 1096 2040 adepti

133 2042 214 2112 estis,
226 2060 262 2097 ue
276 2061 359 2116 quem
371 2042 461 2098 civem
473 2041 653 2098 metueretis:
675 2040 722 2096 hio
733 2039 964 2098 exercitationem
977 2041 1096 2114 virtutis,

133 2119 365 2193 suffragationem
392 2118 567 2187 consulatus,
589 2118 695 2174 fontem
723 2135 877 2190 perennem
905 2117 1000 2190 gloriae
1027 2136 1096 2189 sure,

131 2197 265 2270 perdidit.
306 2195 406 2268 Itaque
428 2194 546 2250 Milonis
560 2193 732 2264 consulatus,
746 2193 805 2267 qui,
819 2194 881 2248 vivo
901 2193 1011 2262 Clodio,
1024 2193 1098 2250 lube·

136 2273 234 2328 iactari
245 2291 302 2328 non
313 2282 432 2346 poterat,
442 2282 554 2327 mortuo
567 2271 688 2344 denique
701 2270 804 2327 tentari
815 2280 923 2344 eoeptus
937 2281 987 2326 est.
1029 2267 1097 2326 Non
1111 2279 1147 2335 25

135 2346 221 2405 modd
244 2349 329 2424 igitur
348 2348 419 2404 nihil
440 2348 563 2423 prodest,
578 2349 628 2404 sed
647 2349 728 2404 obest
747 2347 842 2418 etiam,
857 2347 888 2404 P.
908 2346 1003 2404 Clodii
1023 2365 1098 2406 mors

134 2425 247 2484 Miloni,

149 2541 150 2544 =
176 2506 216 2559 At
228 2505 315 2560 valuit
335 2505 450 2571 odium3
472 2503 549 2569 l'eeit¹
561 2503 667 2569 iratus3
689 2503 757 2560 feeit
780 2493 931 2572 inimicus;
953 2503 1005 2561 suit
1023 2503 1096 2563 ultor

134 2579 260 2653 injuriae,
269 2581 382 2652 punitor
393 2579 495 2634 doloris
506 2579 559 2632 sui.
599 2579 699 2637 Quidt
720 2581 744 2636 si
755 2581 825 2649 heo,
836 2599 895 2636 non
905 2581 980 2650 dieo,
991 2581 1098 2654 majore
1149 2621 1152 2626 -

134 2657 254 2714 fuerunt
267 2655 298 2710 in
313 2653 425 2722 Clodio,
438 2651 524 2726 qudm
539 2653 569 2708 in
583 2651 700 2724 Milone,
711 2657 759 2712 sed
772 2658 802 2712 in
816 2656 864 2711 illo
878 2656 1008 2723 maxima,
1019 2655 1098 2712 nulls
1112 2665 1148 2720 a)

134 2735 167 2791 in
183 2734 256 2800 hoe;
277 2731 346 2804 quid
361 2730 444 2786 vultis
462 2729 602 2803 ampliusl
640 2731 720 2791 Quid
741 2733 818 2790 enim
839 2732 945 2788 odisset
960 2730 1098 2790 ¹Clodium

135 2810 224 2880 Milo,
244 2819 369 2882 segetem
391 2825 425 2863 ao
446 2807 591 2863 materiam
612 2825 669 2864 suae
690 2809 797 2884 gloriae,
819 2820 919 2884 proeter
941 2809 995 2866 hoo
1016 2807 1098 2866 eivile

134 2887 245 2958 odium,
259 2905 315 2960 quo
327 2903 427 2942 omnes
445 2884 585 2959 improbos
606 2886 739 2942 odimusl
780 2886 841 2956 Ille,
855 2898 924 2958 erat,
939 2899 971 2944 ut
982 2887 1098 2958 odisset,

132 2963 258 3040 primirm
273 2963 451 3020 defensorem
471 2961 571 3017 salutis
584 2981 665 3033 meae,
679 2963 784 3018 deinde
807 2975 965 3018 vexatorem
987 2963 1098 3035 furoris,

133 3044 301 3100 domitorem
326 3057 469 3096 armorum
493 3057 617 3109 suorum,
635 3035 777 3114 postremd
799 3039 884 3092 etiam
906 3049 1099 3096 accusatorem
1113 3049 1149 3102 35

131 3139 237 3177 suurn:
259 3138 326 3176 reus
346 3117 427 3174 enirn
449 3115 576 3186 Milonis,
590 3116 653 3190 lege
675 3114 778 3185 Prone,
792 3113 846 3170 luit
867 3113 994 3182 Clodius,
1008 3113 1100 3186 quoad

80 3201 84 3216 ·
133 3197 214 3251 vixit.
253 3197 325 3258 Quo
338 3195 455 3252 tandem
483 3193 578 3250 animo
600 3193 656 3250 lroo
678 3203 829 3264 tyrannum
849 3190 947 3246 tulisse
962 3187 1100 3246 oreditisl

135 3283 275 3345 quantum
297 3273 392 3328 odium
417 3271 503 3341 illius,
517 3281 556 3342 et,
579 3270 609 3326 in
632 3267 749 3326 homine
771 3267 884 3340 injusto,
906 3263 991 3339 qudrn
1013 3266 1100 3324 etiem

139 3348 267 3404 'ustuml

132 3369 146 3424 J
178 3423 263 3482 XIV.
304 3422 456 3498 Reliquum
469 3436 522 3496 est,
536 3435 569 3480 ut
579 3423 638 3498 jam
661 3422 740 3478 illum
758 3430 858 3476 natura
879 3418 967 3493 ipsius
980 3436 1101 3476 eonsue-
1114 3425 1150 3478 dt)

132 3505 265 3576 tudoque
276 3501 416 3572 defendat,
427 3503 503 3560 huno
518 3511 613 3558 autern
628 3501 690 3554 haee
703 3498 804 3554 eedem
818 3507 980 3571 coarguant.
1019 3495 1100 3552 Nihil

131 3601 184 3658 per
200 3581 259 3638 vim
274 3596 397 3651 unquam
411 3579 539 3648 Clodius,
553 3577 650 3634 omnia
663 3595 714 3650 per
735 3576 790 3631 virn
807 3571 887 3630 Milo.
927 3572 1010 3633 Quid
1023 3587 1100 3653 erge,

128 3657 269 3736 judieesl
290 3651 368 3725 oiim,
381 3657 566 3712 moerentibus
581 3653 669 3722 vobis,
683 3651 760 3708 Urbe
782 3652 866 3720 cessi,
877 3650 1055 3724 judieiumpq
1067 3652 1101 3690 t1·

131 3737 215 3794 muil
236 3752 297 3793 nou
312 3751 416 3802 servos,
431 3751 491 3790 non
510 3747 597 3798 arma,
611 3745 669 3782 uon
690 3729 769 3782 val
809 3727 886 3784 Quae
907 3722 1005 3784 misset
1017 3717 1101 3778 ΨΜ

378 3810 415 3868 10
