2542 4212
405 307 538 373 onnnio
555 323 624 373 rno
641 325 673 382 o.
689 321 848 373 nronmo.
1122 319 1160 378 75

155 451 209 524 don
230 464 364 536 oenoedo,
378 473 419 536 ut,
439 461 542 543 ouibus
556 466 640 522 rebus
659 465 817 542 gloriemini
835 463 874 542 in,
885 463 973 538 vobis,
994 465 1110 524 eusdem

156 544 185 620 in
198 543 260 602 aliis
272 542 492 617 reprehendetis.

192 617 354 678 Tub'eronis
367 638 427 676 sors
441 615 575 694 cbnjeeta,
584 629 627 676 est
641 639 677 677 ex
687 617 954 690 senatuis-consulto,
968 616 1033 676 edm
1049 619 1108 696 ipoe

155 715 207 752 non
227 697 464 767 adesset„morbo
484 697 570 753 etiam
593 697 789 771 impediretur:
811 707 945 752 statuerat
964 715 1107 754 excusare.

148 772 222 829 Haee
234 792 290 850 ego
309 773 374 830 novi
387 763 497 847 pro'pter
516 791 617 830 omnes
631 773 856 830 necessitudines
876 791 938 846 qum
953 773 1022 828 mihi
1044 784 1110 830 sunt
1125 777 1143 832 ⁵

27 849 30 858 ’
80 880 84 886 ·
155 850 271 917 eumL.
292 847 456 906 Tuberone.
496 849 581 924 Domi
606 850 664 905 uni
685 850 802 918 eruditi,
817 849 937 905 militie
961 850 1109 918 contuber-

155 926 240 996 nales,
254 923 319 1000 post
332 925 437 997 affines,
451 927 570 983 inomni
585 927 707 1000 denique
721 927 778 982 vitai
793 925 958 994 familiares:
973 943 1107 1000 magnum

155 1001 237 1058 etiam
263 1002 414 1074 vinculum,
441 1000 516 1076 qudd
543 1004 644 1059 iisdem
668 1003 770 1059 studiis
796 1003 905 1076 semper
929 1003 972 1058 usi
1001 1021 1106 1059 sumus.

155 1078 219 1134 Soio
231 1079 318 1153 igitur
338 1067 522 1137 Tuberonem
539 1080 616 1136 domi
636 1079 904 1135 manerduoluisae:
925 1079 976 1136 sed
990 1078 1029 1136 ito
1048 1079 1108 1160 qui·

152 1155 213 1213 dam
227 1156 338 1229 egebit,
353 1157 391 1212 ita
410 1157 572 1232 reipublicae
590 1155 800 1212 sanctissimum
821 1173 924 1212 nomen
935 1156 1106 1230 opponebat,
1124 1161 1158 1214 10

149 1241 189 1302 ut,
203 1233 288 1288 etiam
302 1233 327 1288 si
341 1224 421 1289 aliter
438 1234 565 1304 sentiret,
579 1234 727 1298 verborum
746 1243 840 1288 tumen
854 1233 863 1288 i
884 1251 986 1296 sorum·
995 1233 1107 1306 pondus

150 1309 286 1392 sustinere
300 1321 471 1384 nonposset.
512 1309 607 1381 Cessit
625 1309 783 1366 arantorituti
802 1252 965 1383 umpfissimi
986 1309 1047 1380 viri,
1062 1310 1105 1366 vel

23 1453 32 1462 ι
150 1382 241 1460 potius
255 1387 367 1459 paruit..
397 1385 463 1440 Une
477 1397 520 1448 est
533 1387 674 1458 profectus
694 1403 762 1446 oum
778 1387 823 1455 iis,
837 1403 955 1458 quorum
975 1395 1106 1444 erat-una

103 1483 107 1490 ·
151 1479 235 1518 nausa
246 1475 260 1517 ε·
269 1459 382 1540 'tardius
396 1461 448 1518 iter
462 1461 545 1517 feeit:
566 1459 659 1534 itaque
673 1462 702 1516 in
717 1461 845 1517 Africam
859 1464 935 1518 venit
952 1461 1010 1536 jam
1024 1481 1108 1520 ooeu«

152 1549 253 1612 petam.
282 1537 373 1593 'Hine
397 1538 427 1593 in
448 1537 593 1612 Ligarium
614 1538 721 1594 orimen
746 1539 842 1607 oritur,
869 1538 911 1602 vel
939 1539 981 1593 ira
1004 1537 1105 1613 potitis.
1125 1545 1157 1598 15

151 1613 236 1684 Nam,
251 1615 275 1670 si
287 1615 396 1672 crimen
409 1625 452 1678 est
466 1613 553 1692 ullum
562 1615 699 1685 noluisse,
721 1633 779 1670 non
791 1611 887 1684 minda
905 1633 1038 1690 magnum
1054 1627 1105 1690 est,

150 1708 197 1748 vos
211 1691 349 1762 Africam,
364 1692 490 1751 omnium
503 1692 711 1766 provinciarum
727 1709 832 1762 ornem,
846 1701 939 1748 natam
951 1692 986 1766 ad
1001 1692 1105 1749 bellum

150 1778 247 1823 eontra
267 1769 346 1824 hune
355 1769 454 1824 urbem
474 1769 642 1842 gerendum,
655 1769 782 1825 obtinere
804 1766 932 1838 voluisse,
954 1765 1039 1839 qudm
1059 1769 1107 1824 ali·

123 1861 235 1916 ‚quern
259 1859 290 1899 se
310 1843 459 1900 moluisse:
493 1845 587 1918 Atque
611 1845 635 1899 is
657 1852 758 1902 tamen.
773 1843 873 1918 aliquis
892 1843 1023 1918 Ligarius
1048 1863 1106 1900 non

149 1920 210 1976 suit.
253 1919 346 1976 Verus
360 1921 508 1994 imperium
521 1939 551 1976 so
565 1921 669 1977 habere
681 1922 810 1982 dioeb'a't:
826 1921 916 1978 fasces
930 1918 1007 1977 certd
1023 1920 1107 1980 habe·
1122 1928 1157 1983 20

148 1996 202 2053 bat
243 1997 311 2068 Sed,
325 2016 434 2071 quoquo
448 1998 531 2055 modo
544 2017 606 2056 sese
621 1997 689 2054 illud
700 1999 794 2068 lubet,
809 1999 869 2054 haeo
879 1997 991 2072 querele
1005 2007 1105 2070 vestra,

147 2071 273 2144 Tubero,
298 2075 366 2148 quid
394 2073 486 2132 valeti
506 2069 650 2152 'Recepti
671 2075 701 2131 in
722 2075 894 2149 prouinciam
920 2094 978 2131 non
999 2087 1104 2131 sumus.

145 2147 237 2220 Quid,
251 2149 275 2206 si
289 2151 409 2206 essetis‘l
441 2141 587 2207 Oaesarine
608 2169 670 2206 eam
686 2151 813 2230 tredituri
835 2152 969 2220 fuissetis,
983 2168 1019 2204 en
1040 2169 1106 2206 oon·

146 2235 191 2292 tra
204 2225 347 2294 Oaesarem
360 2228 497 2282 retenturi
508 2229 520 2282 l
1001 2241 1009 2258 ·

182 2286 276 2356 ‘vlli-
306 2303 389 2373 Vide,
410 2303 478 2376 quill
498 2304 630 2375 licentiae,
652 2304 759 2375 Caesar,
780 2305 862 2376 nobis
883 2315 931 2361 tua
954 2299 1105 2360 liberalius
1120 2313 1156 2368 25

145 2378 205 2448 det,
227 2378 268 2434 vel
288 2375 382 2452 potiris
403 2380 537 2436 auddoiae.
579 2381 610 2436 Si
625 2381 799 2456 responderit
819 2379 944 2452 Tubero,
966 2381 1104 2454 Africam,

141 2451 201 2527 qud
216 2466 330 2512 senatus
343 2475 410 2511 eum
426 2475 542 2530 sorsque
557 2458 681 2532 miserat,
695 2458 745 2513 tibi
767 2469 874 2531 patrem
889 2477 971 2514 suum
990 2459 1105 2514 traditu·

143 2548 211 2584 rum
235 2531 341 2598 luisse3
363 2550 421 2588 non
435 2533 588 2604 dubitabo,
610 2535 697 2608 opud,
708 2535 800 2608 ipsum
826 2545 864 2606 te,
885 2535 967 2608 eujus
988 2535 1016 2590 id
1038 2553 1103 2591 eum

143 2605 392 2674 fauereinterl’uil,
413 2608 584 2679 gravissimis
603 2609 694 2664 verbis
705 2609 766 2682 ejus
786 2611 936 2666 consilium
957 2612 1104 2682 reprehen-

142 2683 223 2738 dere.
265 2679 334 2736 Non
348 2681 425 2736 enim
439 2681 462 2736 si
477 2681 529 2736 tibi
544 2701 577 2738 eu
591 2675 635 2738 res
648 2695 726 2758 gratu
740 2686 845 2757 luisset,
859 2677 934 2742 esset
944 2683 1028 2740 etium
1042 2703 1104 2758 pro-
1119 2684 1154 2738 3⁰

141 2759 221 2814 bete.
263 2757 322 2812 Sed
333 2758 392 2834 jam
410 2758 463 2814 hoo
477 2769 565 2815 totum
579 2761 676 2818 omitto
685 2781 693 2829 ;
714 2781 772 2819 non
787 2775 854 2834 tam,
869 2773 900 2818 ut
914 2781 950 2818 ne
963 2761 1102 2818 offendam

139 2845 209 2891 tuas
227 2834 447 2909 'patientissimas
459 2855 552 2908 aures,
562 2835 650 2912 'qudm
670 2853 707 2896 ne
721 2839 848 2908 Tubero,
868 2840 942 2914 q'uod
958 2857 1103 2914 nunquam

138 2913 285 2986 eogitavit,
316 2911 441 2986 facturus
469 2913 556 2972 fuisse
571 2905 731 2972 ridentur.¹
766 2897 933 2972 Veniebatis
960 2917 1045 2990 igitur
1073 2916 1103 2972 in

136 2989 270 3046 Africam
281 2989 465 3064 provinciam,
475 3007 562 3046 unam
576 3011 612 3048 ex
623 2993 756 3066 omnibus
767 2992 834 3046 huic
846 2991 968 3046 victoriae
981 2989 1101 3046 maxim&
1172 3015 1185 3042 ι

145 3067 289 3124 nfestam:
304 3066 335 3122 in
346 3067 403 3140 qud
414 3071 475 3122 erdt
484 3085 535 3125 rex
543 3069 766 3142 potentissimus,
777 3066 911 3122 inimicus
921 3065 988 3121 huie
999 3081 1102 3134 eausae,
1119 3071 1154 3123 35

133 3143 233 3200 alie’ne
246 3144 385 3215 voluntas,
400 3154 554 3212 eonventus
575 3145 647 3202 firmi
662 3147 745 3218 dtque
760 3143 864 3218 magni.
904 3143 1021 3212 Quaero,
1036 3140 1103 3215 quid

134 3218 244 3274 facturi
255 3221 368 3276 fuistis?
388 3239 558 3294 quanquam,
572 3223 640 3296 quid
651 3221 752 3278 facturi
767 3220 884 3290 fueritis,
899 3235 956 3275 non
968 3218 1103 3289 dubitem,

134 3289 212 3350 erim
225 3291 345 3366 videam,
359 3298 425 3369 quid
440 3299 571 3354 feeeritis.
607 3297 745 3354 Prohibiti
759 3296 827 3351 estis
841 3296 871 3349 in
884 3294 1030 3368 provincii
1045 3313 1104 3350 ves·

132 3369 187 3426 πᾶ
208 3369 311 3442 pedem
323 3389 438 3443 ponere,
458 3384 486 3440 et
498 3375 633 3448 prohibiti
649 3372 696 3448 (ut
715 3370 882 3446 perhibetis)
905 3369 1016 3426 summai
1037 3388 1103 3426 oum

129 3444 259 3504 in‘uriri:
749 3465 751 3471 ⁴
1119 3453 1154 3504 40

164 3465 338 3583 JQuomodo
351 3523 380 3579 id
393 3525 515 3592 tulistis?
536 3536 660 3599 aceeptae
681 3523 792 3596 injurie
806 3525 949 3596 querelam
970 3524 1004 3578 nd
1018 3538 1103 3595 quem
1118 3539 1120 3544 ·

127 3599 304 3658 detulistis?
332 3619 434 3675 nempe
453 3603 489 3658 ad
515 3621 592 3672 eum,
616 3599 699 3692 eujus
724 3599 917 3657 auctoritatem
945 3599 1045 3663 secuti,
1074 3595 1103 3646 in

56 3691 59 3696 '
126 3679 306 3735 societatem
327 3677 392 3733 belli
406 3679 554 3734 veneratis.
594 3675 685 3735 Quod
707 3674 730 3730 si
751 3675 872 3732 cesaris
892 3675 979 3730 oausd
993 3672 1023 3746 ἱῐῑΙ
1043 3677 1104 3738 Ρῗο·

126 3754 262 3814 vinolam
290 3753 465 3822 veniebatis;
494 3754 530 3808 ad
557 3769 624 3808 eum
650 3748 785 3823 profectui,
812 3749 920 3806 exclusi
948 3725 1104 3812 provinutd,
